2434 3734
793 276 960 327 an.
999 264 1169 346 (ΛΠ.
1207 276 1328 325 vn.
1368 264 1457 345 20)
1960 277 2021 330 75

236 432 323 490 sin
363 432 572 489 bellum
613 436 849 505 geretur,
882 450 991 489 non
1020 431 1182 489 deero
1220 431 1397 489 officio
1424 449 1523 488 neo
1550 431 1815 505 dignitati
1854 448 2021 501 meae,

227 548 430 604 ¹pueros
468 525 838 605 ὖπεκθέμενος
875 531 938 587 in
978 529 1284 588 Graeciam.
1370 530 1571 587 Totam
1612 530 1759 586 enim
1802 528 2026 586 Italiam

235 626 591 701 flagraturam
617 627 765 685 bello
790 626 1066 700 intellego.
1155 627 1399 685 Tantum
1425 628 1561 685 mali
1596 632 1682 685 est
1724 627 2027 685 excitatum

235 726 440 800 partim
467 742 536 783 ex
561 725 842 799 improbis,
873 724 1080 799 partim
1107 742 1176 782 ex
1202 724 1411 782 invidis
1438 724 1667 783 civibus.
1755 723 1867 781 Sed
1892 723 2028 781 haec

235 824 424 898 paucis
451 822 647 881 diebus
668 840 738 880 ex
763 822 916 879 illius
935 821 1008 879 ad
1028 826 1221 880 nostra
1239 839 1500 895 responsa
1518 821 1792 894 responsis
1811 820 2025 878 intelle·

235 926 437 994 gentur
455 938 716 994 quorsum
737 938 969 978 evasura
987 920 1118 979 sint.
1183 920 1329 978 Tum
1350 919 1423 977 ad
1442 924 1502 977 te
1522 920 1759 978 scribam
1780 919 1955 993 plura,
1980 921 2028 977 si

235 1019 344 1076 erit
362 1017 596 1076 bellum:
629 1018 717 1076 sin
738 1022 838 1075 aut
855 1017 1035 1075 otium
1055 1022 1157 1076 aut
1175 1018 1351 1075 etiam
1368 1017 1639 1091 indutiae,
1663 1021 1721 1074 te
1741 1016 1941 1090 ipsum,
1960 1021 2028 1073 ut

235 1134 408 1191 spero,
434 1116 648 1174 videbo.
723 1114 778 1174 5.
811 1115 930 1189 Ego
947 1131 1062 1173 1111.
1087 1116 1146 1173 N
1147 1133 1235 1173 on.
1258 1114 1439 1187 Febr„
1461 1133 1571 1188 quo
1586 1114 1677 1173 die
1692 1115 1795 1173 has
1810 1114 2028 1173 litteras

237 1212 380 1284 dedi,
405 1212 464 1269 in
487 1213 795 1284 Formiano,
820 1230 930 1285 quo
953 1212 1147 1286 Capua
1164 1212 1450 1284 redieram,
1475 1212 1733 1270 mulieres
1751 1216 2028 1285 exspecta-
2374 1253 2403 1279 κ

236 1312 382 1383 bam,
407 1312 608 1385 quibus
637 1311 860 1385 quidem
887 1312 1212 1385 scripseram
1239 1310 1354 1368 tuis
1380 1310 1587 1369 litteris
1606 1311 1937 1383 admonitus,
1961 1317 2029 1370 ut
2287 1287 2383 1376 W

238 1410 446 1468 Romae
475 1414 774 1468 manerent.
865 1408 974 1467 Sed
1001 1409 1166 1467 audio
1193 1410 1457 1468 maiorem
1484 1410 1778 1483 quemdam
1805 1410 1865 1467 in
1891 1411 2028 1468 urbe
2150 1402 2171 1421 ⁸
2228 1379 2336 1492 Ν

237 1508 494 1564 timorem
542 1524 674 1564 esse.
757 1507 980 1580 Capuae
1025 1506 1170 1564 Non.
1213 1505 1374 1565 Febr.
1420 1524 1537 1564 esse
1578 1506 1845 1597 gol-ebam,
1899 1508 2030 1580 quia
2045 1448 2231 1578 ‘xm'

238 1606 486 1665 consules
550 1606 838 1665 iusserant.
961 1605 1247 1679 Quidquid
1316 1605 1425 1662 hue
1490 1606 1598 1663 erit
1664 1623 1701 1663 a
1766 1606 2029 1678 Pompeio
2183 1599 2207 1639 Χ
2256 1643 2266 1650 ·

238 1704 504 1777 adlatum,
551 1704 746 1760 statim
789 1703 861 1760 ad
905 1707 965 1760 te
1007 1703 1262 1774 scribam,
1306 1708 1539 1775 tuasque
1584 1703 1653 1761 de
1694 1704 1819 1761 istis
1863 1706 2027 1763 rebus

239 1802 454 1859 litteras
481 1801 822 1874 exspectabO.
1645 1873 1659 1887 .
2149 1795 2185 1884 ἢ
2266 1806 2291 1870 ,’
2336 1810 2349 1827 ’

223 1934 410 2028 r.
871 1914 1369 2063 Gaea-fr
1465 1895 1630 2013 ſtru>
1736 1868 2357 1985 CWWXW‘,

29 2163 43 2172 ,.
66 2095 222 2276 Υῗζμω
339 2106 528 2164 XLII
575 2106 672 2163 ΤΟ
715 2104 1188 2178 ATTIOUS,1N
1231 2105 1412 2162 Rom
1455 2101 1622 2182 (A'r'r.
1664 2121 1775 2165 v11.
1824 2102 1925 2183 20)

449 2263 680 2322 CAPUA,
720 2262 900 2309 Α...Πο
936 2260 1066 2320 705;
1112 2260 1231 2309 Β.0.
1272 2261 1373 2321 49;
1416 2262 1555 2308 ΑΕΤ.
1592 2261 1708 2309 010.
1750 2258 1812 2311 57

320 2406 583 2465 Desperata
616 2416 732 2472 paee
765 2402 982 2463 queritur
1016 2401 1082 2449 Μ.
1115 2400 1280 2448 Cicero
1312 2403 1474 2448 tamen
1496 2400 1679 2448 bellum
1700 2416 1798 2449 non
1820 2404 1977 2463 parari
2001 2419 2030 2452 a

239 2483 530 2541 oonsulibus,
557 2495 588 2528 a
610 2481 807 2528 Caesare
837 2480 997 2527 omnia
1029 2479 1255 2527 acerrime
1287 2479 1473 2539 agitari.
1542 2479 1737 2537 Quaerit
1755 2481 1831 2529 ,ab
1864 2482 2031 2530 Attico

238 2561 358 2621 quid
377 2560 470 2607 sibi
492 2558 728 2619 agendum
750 2559 906 2618 putet.

344 2676 396 2732 1.
468 2673 952 2747 Breviloquentem
1013 2673 1124 2729 iam
1185 2689 1275 2729 me
1343 2678 1564 2744 tempus
1626 2672 1808 2745 ipsum
1876 2673 2025 2731 facit.

240 2774 440 2832 Pacem
485 2772 633 2830 enim
676 2771 978 2844 desperavi,
1027 2770 1239 2827 bellum
1281 2771 1460 2828 noetri
1513 2770 1729 2827 nullum
1773 2771 2032 2829 adminis-

240 2874 408 2929 trant.
517 2869 666 2927 Oave
715 2869 862 2925 enim
917 2871 1081 2958 putes
1136 2866 1442 2944 quidquam
1490 2885 1608 2925 esse
1663 2868 1889 2925 minoris
1942 2867 2031 2925 his

240 2966 588 3026 oonsulibus,
633 2982 866 3039 quorum
909 2974 1037 3037 ergo
1080 2982 1178 3037 spe
1233 2950 1496 3021 audiendi
1536 2964 1746 3037 aliquid
1801 2969 1861 3022 et
1912 2983 2033 3038 eog-

0 3069 188 3287 fitia&
197 3084 211 3165 N
241 3063 499 3217 nosoeffli
552 3062 728 3120 nostri
768 3067 1066 3135 apparatus
1105 3062 1349 3119 maximo
1404 3062 1570 3119 imbri
1613 3062 1862 3136 Capuam
1904 3066 2032 3122 veni

277 3162 416 3219 ridie
531 3178 680 3231 onas,
738 3164 804 3217 ut
873 3178 1023 3217 eram
1093 3159 1289 3217 iussus.
1408 3159 1503 3216 Illi
1543 3164 1731 3218 autem
1786 3162 2031 3220 nondum

163 3199 522 3333 hveneranu
555 3257 652 3315 sed
689 3262 848 3315 erant
886 3256 1110 3315 venturi
1150 3256 1223 3313 ad
1265 3256 1474 3327 Nonas,
1508 3258 1715 3328 inanes,
1752 3258 2028 3332 imparati.
