2434 3734
405 263 468 311 56
969 261 1190 311 XXXII.
1231 248 1401 329 (A'rr.
1442 261 1502 310 v,
1541 249 1631 328 20)

401 416 644 474 Rumore
671 417 943 474 adventus
972 418 1147 473 nostri
1175 421 1233 473 et
1262 417 1467 488 Cassi0,
1501 417 1597 488 qui
1631 415 1930 472 Antiochia
1969 415 2191 474 teneba-

401 520 508 586 tur,
535 515 750 571 animus
778 515 1007 572 accessit
1035 519 1093 571 et
1114 514 1339 572 Parthis
1369 516 1534 571 timor
1562 515 1795 572 iniectus
1816 519 1915 571 est.
1990 515 2191 588 Itaque

399 629 490 670 eos
518 613 772 670 cedentes
807 613 881 669 ab
909 613 1108 684 oppido
1139 612 1363 669 Cassius
1392 613 1671 669 insecutus
1698 630 1814 670 rem
1840 612 1980 670 bene
1999 613 2186 685 gessit.

402 710 525 779 Qua
562 711 621 766 in
665 711 812 782 fuga,
841 728 1041 782 magna
1073 711 1405 767 auctoritate
1443 711 1660 781 Osaces,
1692 710 1808 766 dux
1837 710 2187 780 Parthorum,

399 807 602 864 vulnus
643 808 852 879 accepit
893 825 1062 878 eoque
1104 807 1319 864 interiit
1360 807 1547 878 paucis
1587 811 1715 879 post
1754 806 1964 864 diebus.
2050 807 2190 863 Erat

397 906 456 962 in
499 905 659 978 Syria
707 910 956 961 nostrum
1005 922 1204 961 nomen
1254 905 1315 959 in
1362 905 1557 975 gratia.
1646 905 1699 961 4.
1747 903 1920 960 Venit
1964 905 2190 961 interim

399 1002 648 1059 Bibulus.
736 1001 932 1072 Cred0‚
960 1001 1137 1058 voluit
1165 1001 1535 1073 appellatione
1562 1000 1666 1057 hac
1694 1001 1847 1057 inani
1872 1001 2031 1058 nobis
2070 1019 2189 1058 esse

397 1118 510 1172 par.
598 1099 669 1156 In
724 1099 914 1156 eodem
970 1099 1188 1156 Amano
1244 1099 1423 1171 coepit
1472 1099 1743 1156 loreolam
1797 1100 1855 1154 in
1910 1104 2189 1156 mustaceo

397 1214 668 1268 quaerere.
748 1196 831 1252 At
871 1196 964 1252 ille
1006 1197 1286 1253 cohortem
1312 1197 1549 1268 primam
1588 1201 1768 1252 totam
1796 1196 2038 1268 perdidit
2069 1214 2189 1253 cen-

398 1294 779 1366 turionemque
831 1293 997 1365 primi
1050 1293 1167 1365 pili,
1215 1293 1458 1350 nobilem
1512 1293 1599 1350 sui
1652 1293 1882 1366 generis,
1931 1294 2188 1350 Asinium

398 1392 727 1461 Dentonem,
760 1395 818 1447 et
846 1389 1084 1463 reliquos
1113 1390 1353 1448 cohortis
1380 1391 1627 1448 eiusdem
1654 1395 1713 1448 et
1740 1391 1866 1448 Sex,
1892 1391 2183 1465 Lucilium,

397 1490 460 1547 Τ.
493 1487 660 1546 Gavii
689 1487 995 1560 Caepionis,
1020 1488 1313 1561 locupletis
1334 1494 1392 1546 et
1419 1487 1695 1562 splendidi
1714 1487 1969 1558 hominis,
1990 1489 2183 1562 filium,

399 1585 684 1656 tribunum
711 1585 970 1643 militum.
1060 1585 1204 1644 Sane
1233 1586 1452 1658 plagam
1482 1586 1725 1643 odiosam
1753 1591 2035 1659 acceperat
2061 1604 2187 1644 cum

396 1700 455 1739 re
482 1688 604 1739 tum
633 1687 893 1754 tempore.
983 1682 1031 1740 5.
1075 1682 1196 1740 Nos
1217 1683 1291 1740 ad
1318 1681 1725 1756 Pindenissum,
1750 1683 1897 1755 quod
1924 1684 2189 1756 oppidum

396 1780 832 1837 munitissimum
849 1779 1369 1837 Eleutherocilicum
1392 1782 1639 1838 omnium
1658 1782 1921 1838 memoria
1940 1782 1997 1837 in
2019 1782 2188 1838 armis

396 1878 520 1934 fuit.
629 1876 755 1934 Feri
825 1877 1074 1934 homines
1139 1883 1198 1935 et
1253 1895 1404 1936 acres
1476 1882 1534 1935 et
1588 1878 1843 1935 omnibus
1897 1877 2061 1936 rebus
2116 1879 2189 1936 ad

395 1975 800 2034 defendendum
816 1976 1014 2048 parati.
1082 1975 1371 2034 Oinximus
1392 1975 1541 2034 vallo
1558 1981 1616 2033 et
1636 1977 1799 2047 fossa,
1822 1993 2017 2050 aggere
2033 1994 2185 2034 max-

395 2075 522 2145 imo,
570 2075 762 2146 vineis,
811 2079 964 2131 turre
1001 2075 1287 2147 altissima,
1329 2058 1531 2147 magna
1571 2078 1971 2132 tormentorum
2012 2075 2182 2147 copia,

395 2171 590 2227 multis
617 2171 921 2244 sagittariis
944 2193 956 2230 :
999 2189 1198 2244 magno
1228 2170 1430 2244 labore,
1456 2176 1741 2244 apparatu,
1768 2170 1961 2228 multis
1988 2171 2187 2244 sauciis

396 2269 615 2338 nostris,
647 2267 909 2324 incolumi
949 2269 1209 2338 exercitu,
1241 2269 1528 2342 negotium
1555 2268 1900 2326 confecimus.
1990 2267 2189 2324 Hilara

397 2383 527 2422 sane
597 2364 932 2436 Saturnalia,
985 2366 1260 2423 militibus
1330 2383 1565 2439 quoque,
1625 2365 1829 2438 quibus
1899 2365 2187 2436 mancipiis

396 2462 638 2534 exceptis
677 2462 946 2535 reliquam
972 2463 1234 2534 praedam
1276 2464 1677 2522 concessimus:
1725 2462 2000 2534 mancipia
2038 2463 2187 2520 veni-

395 2561 535 2618 bant
606 2559 996 2617 Saturnalibus
1067 2560 1267 2631 tertiis,
1326 2578 1451 2617 cum
1506 2560 1642 2617 haec
1712 2559 2017 2616 scribebam
2044 2579 2057 2616 :
2127 2560 2185 2615 in

397 2657 666 2714 tribunali
691 2674 778 2714 res
820 2659 940 2713 erat
980 2656 1051 2712 ad
1094 2655 1197 2713 Hs
1244 2671 1381 2714 cxx.
1474 2657 1625 2714 Hinc
1665 2657 1967 2714 exercitum
2006 2656 2066 2711 in
2107 2655 2187 2711 hi-

395 2755 566 2812 berna
593 2753 711 2826 agri
737 2753 882 2810 male
908 2754 1093 2825 pacati
1119 2753 1503 2811 deducendum
1533 2753 1743 2823 Quinto
1768 2753 1931 2810 fiatri
1964 2753 2181 2810 dabam.

396 2851 524 2924 Ipse
559 2869 646 2908 me
691 2851 1020 2908 Laodiceam
1046 2850 1391 2924 recipiebam.
1482 2851 1535 2910 6.
1595 2852 1751 2908 Haec
1792 2850 1986 2909 adhuc.
2074 2851 2187 2908 Sed

395 2949 467 3006 ad
513 2949 812 3021 praeterita
865 2953 1218 3007 revertamur.
1311 2948 1474 3018 Quod
1518 2966 1607 3006 me
1662 2949 1901 3006 maxime
1948 2948 2186 3006 hortaris

396 3049 453 3102 et
509 3045 657 3118 quod
711 3044 882 3118 pluris
933 3051 1018 3102 est
1073 3063 1240 3119 quam
1296 3045 1493 3116 omnia,
1554 3047 1612 3101 in
1666 3064 1776 3117 quo
1830 3045 2062 3115 laboras,
2120 3050 2186 3102 ut

395 3143 565 3199 etiam
593 3142 857 3214 Ligurino
883 3139 1055 3217 μώμῳ
1082 3143 1221 3200 satis
1248 3142 1527 3214 faciamus,
1560 3145 1777 3214 moriar,
1806 3144 1854 3200 si
1882 3143 2184 3215 quidquam

396 3239 516 3295 fieri
553 3243 737 3310 potest
777 3239 1100 3311 elegantius.
1187 3238 1309 3297 Nec
1348 3240 1459 3296 iam
1490 3258 1589 3312 ego
1616 3239 1759 3298 hanc
1788 3240 2185 3298 continentiam
