2434 3734
211 2145 273 2191 (Ὗ

215 2266 291 2313 ⁸¹.)

422 267 516 314 102
1017 261 1149 311 LXI.
1195 250 1381 329 (ΒΑΜ.
1420 260 1509 311 Ιν.
1548 249 1605 329 6)

419 420 604 476 dolore
650 422 930 476 maerent:
973 418 1046 474 da
1091 418 1305 490 patriae
1346 422 1426 485 ut,
1478 417 1526 473 si
1574 433 1683 488 qua
1724 418 1784 473 in
1824 434 1885 473 re
1924 435 2063 489 opus
2112 418 2211 489 sit,

667 618 859 670 tunam
901 613 1240 724 deveffls,
1272 618 1339 669 ut
1368 612 1537 669 etiam
1578 612 1708 669 huie
1746 614 1827 670 rei
1853 613 2013 669 nobis
2040 614 2217 670 servi-

419 711 622 769 endum
666 712 757 782 sit,
804 711 916 768 noli
959 711 1304 768 committere
1350 715 1419 768 ut
1457 711 1751 783 quisquam
1792 716 1851 768 te
1890 716 2055 783 putet
2095 727 2216 768 non

417 810 536 861 tam
556 804 728 861 filiam
769 822 935 877 quam
976 805 1055 861 rei
1095 804 1346 881 publicae
1386 808 1637 876 tempora
1674 808 1735 861 et
1773 804 2009 861 aliorum
2034 806 2215 861 victo-

417 902 556 957 riam
595 900 795 973 lugere.
877 900 1048 957 Plura
1087 918 1176 957 me
1217 900 1291 956 ad
1330 905 1388 957 te
1426 899 1494 957 de
1520 900 1626 957 hac
1650 918 1709 958 re
1736 902 1971 959 scribere
2010 903 2209 974 pudet,

417 1016 486 1055 ne
511 998 703 1056 videar
727 998 1052 1070 prudentiae
1089 1002 1222 1055 tuae
1248 998 1527 1057 diffidere:
1569 1016 1681 1071 qua
1705 1017 1779 1071 re,
1810 1000 1861 1057 si
1900 1000 2003 1057 hoc
2030 1018 2213 1057 unum

417 1112 758 1169 proposuerO,
789 1095 957 1151 finem
984 1094 1182 1151 faciam
1210 1094 1499 1153 scribendi.
1586 1094 1845 1152 Vidimus
1872 1096 2211 1169 aliquotiens

416 1193 710 1251 secundam
737 1192 1102 1265 pulcherrime
1129 1196 1187 1249 te
1222 1191 1363 1249 ferre
1378 1241 1388 1255 ,
1403 1191 1489 1248 for
1554 1210 1687 1249 nam
1786 1210 2095 1265 agnamquc
2136 1212 2213 1251 ex

416 1310 482 1349 ea
524 1284 583 1349 re
627 1296 685 1347 te
731 1291 953 1347 laudem
981 1290 1188 1362 apisci:
1232 1290 1319 1346 fac
1347 1290 1569 1363 ahquan
1610 1308 1644 1347 o
1683 1290 2070 1363 intellegamus
2112 1292 2212 1349 ad-

415 1407 628 1447 versam
678 1406 894 1461 quoque
935 1392 994 1445 te
1041 1405 1212 1460 aeque
1261 1387 1402 1445 ferre
1449 1406 1608 1461 posse
1660 1406 1841 1461 neque
1888 1390 1948 1445 id
2001 1391 2203 1465 maius,

415 1504 582 1559 quam
623 1485 838 1556 debeat,
871 1484 976 1541 tibi
1017 1501 1154 1541 onus
1181 1484 1375 1553 videri,
1404 1502 1474 1542 ne
1512 1504 1580 1542 ex
1608 1486 1865 1543 omnibus
1891 1487 2207 1545 virtutibus

415 1583 550 1639 haec
595 1599 708 1638 una
753 1581 860 1638 tibi
906 1582 1168 1638 videatur
1216 1581 1416 1640 deesse.
1503 1582 1665 1652 Quod
1716 1583 1789 1639 ad
1835 1601 1925 1641 mc
1973 1586 2201 1658 attinet,

416 1696 542 1735 cum
584 1682 640 1734 te
683 1677 1064 1749 tranquilliore
1111 1678 1297 1735 animo
1338 1696 1455 1736 esse
1500 1697 1747 1751 cognom,
1793 1680 1862 1737 de
1905 1681 1975 1737 iis
2016 1665 2202 1751 rebus,

419 536 452 573 o
520 535 584 573 ra
624 520 680 573 et
853 516 907 528 '‘
988 520 1086 572 tuo
1121 516 1209 571 uti
1292 516 1442 573 ossit.
1528 513 1675 571 Deni
1713 533 1752 571 u
1882 516 2107 571 uoniam
2147 515 2217 571 in

344 534 540 895 (effi
581 516 946 669 Μῶα
991 534 1291 625 wi)
1676 532 1714 586 q
1754 533 1798 583 e,
1845 532 1883 587 q

415 1792 555 1848 quae
575 1774 666 1831 hic
684 1778 968 1847 geruntur,
991 1774 1567 1849 quemadmodumque
1595 1794 1654 1833 se
1674 1777 1957 1849 provincia
1974 1776 2203 1849 habeat,

415 1872 700 1929 certiorem
727 1871 940 1929 faciam.
1027 1870 1183 1931 Vale.
1265 1864 1271 1873 ⁸

451 2047 467 2057 s
541 2069 650 2144 Α

333 2132 380 2229 k,
401 2140 542 2205 Ψ
563 2157 714 2223 LXI.
764 2164 1049 2223 cronno
1093 2164 1190 2222 rro
1234 2164 1575 2222 SERVIUS
1618 2164 2039 2225 SULPICIUS

1109 2262 1291 2339 (FAM.
1324 2276 1409 2320 w,
1444 2258 1505 2338 6)

445 2367 563 2387 ...η-μ·

363 2396 418 2477 g·
620 2415 889 2472 ASTURA,
915 2415 1102 2463 A.U.c.
1135 2412 1231 2465 709
1254 2432 1268 2475 ;
1312 2416 1435 2465 ne.
1465 2416 1526 2464 45
1546 2431 1561 2473 ;
1605 2418 1745 2465 Anr.
1779 2417 1894 2465 010.
1926 2417 1985 2465 61

493 2556 591 2605 Ser.
616 2554 816 2615 Sulpicii
837 2555 1160 2615 superioribus
1181 2556 1358 2602 litteris
1378 2555 1651 2615 respondet,
1680 2569 1798 2615 quas
1820 2556 1891 2603 ait
1911 2556 2006 2603 sibi
2026 2572 2209 2617 magno

413 2634 588 2683 solacio
609 2634 756 2681 fuisse
777 2646 788 2679 :
824 2646 970 2692 quam
990 2632 1054 2679 ob
1073 2646 1175 2679 rem
1192 2646 1483 2693 quamquam
1498 2634 1679 2681 nemini
1694 2648 1841 2693 quam
1862 2634 1957 2681 sibi
1976 2634 2209 2685 iustiores

413 2712 608 2761 dolendi
643 2725 809 2759 causas
858 2710 1006 2757 fuisse
1056 2709 1192 2769 dicit,
1236 2712 1494 2757 maximam
1541 2714 1704 2757 tamen
1737 2712 1832 2758 sibi
1870 2714 2033 2771 sperat
2071 2714 2205 2761 leva·

412 2792 593 2839 tionem
613 2789 774 2837 reditu
797 2790 845 2835 et
868 2788 1020 2835 Servii
1042 2788 1388 2835 consuetudine
1410 2789 1526 2837 fore.

518 2935 568 2993 1.
613 2933 733 3005 Ego
773 2949 920 3000 vero,
951 2930 1122 2999 Servi,
1151 2930 1367 3001 vellem,
1400 2934 1466 2986 ut
1492 2930 1701 3002 scribis,
1734 2932 1793 2987 in
1834 2950 1957 2988 meo
1992 2934 2209 3004 gravis-

411 3032 552 3089 simo
619 3048 748 3087 casu
815 3027 1099 3085 adfuisses.
1213 3026 1499 3096 Quantum
1568 3029 1716 3084 enim
1784 3045 2044 3100 praesens
2110 3049 2209 3089 me

413 3129 673 3187 adiuvare
716 3126 959 3211 potueris
1002 3130 1060 3182 et
1099 3124 1427 3181 consolando
1448 3129 1507 3181 et
1542 3142 1711 3197 prope
1752 3143 1923 3198 aeque
1964 3126 2209 3185 dolendo

413 3226 572 3283 facile
625 3242 695 3281 ex
741 3241 804 3280 eo
859 3222 1134 3293 intellege,
1185 3221 1333 3293 quod
1376 3220 1581 3277 litteris
1636 3220 1795 3279 lectis
1849 3222 2209 3295 aliquantum
