2434 3734
399 280 462 329 58
911 278 1159 328 XXXIII.
1199 271 1383 346 (ΒΑΜ.
1424 279 1546 329 VII.
1586 267 1675 347 32)

402 433 723 490 moderabor
761 433 1096 505 diligentius.
1183 433 1498 504 DeiotaruS,
1545 434 1700 490 cuius
1729 433 1949 490 auxiliis
1979 436 2193 508 magnis

400 549 532 587 usus
559 548 698 600 sum,
730 531 801 586 ad
831 549 932 600 me,
967 535 1031 586 ut
1059 530 1296 602 scripsit,
1328 548 1453 586 cum
1484 529 1837 588 Ciceronibus
1864 531 2193 589 Laodiceam

399 633 666 685 venturus
695 632 826 685 erat.
909 628 1056 685 Tuas
1098 629 1268 684 etiam
1311 628 1621 700 Epiroticas
1662 634 1919 701 exspecto
1959 629 2195 699 litterae,

400 731 467 783 ut
507 724 742 783 habeam
772 727 1041 783 rationem
1081 743 1192 782 non
1225 726 1389 782 modo
1416 727 1641 798 negotii,
1672 744 1866 783 verum
1894 727 2065 783 etiam
2092 727 2195 784 otii
2224 741 2230 746 ·

401 825 502 881 tui.
589 823 832 880 Nicanor
858 825 919 880 in
946 823 1124 880 officio
1151 828 1238 880 est
1266 829 1323 882 et
1351 841 1386 880 a
1412 842 1501 880 me
1542 823 1847 881 liberaliter
1886 829 2196 882 tractatur:

401 938 581 993 quem,
613 925 680 976 ut
719 925 872 992 puto,
906 919 1141 977 Romam
1183 939 1309 976 cum
1351 920 1555 978 litteris
1595 921 1831 994 publicis
1858 922 2098 992 mittam,
2130 926 2196 978 ut

402 1023 460 1075 et
487 1019 810 1091 diligentius
838 1017 1186 1091 perferantur
1213 1023 1271 1075 et
1311 1019 1459 1076 idem
1488 1018 1560 1075 ad
1601 1037 1689 1076 me
1718 1024 1869 1076 certa
1894 1019 1965 1076 de
1992 1024 2051 1077 te
2078 1025 2136 1076 et
2163 1037 2197 1076 a

403 1123 458 1174 te
502 1118 719 1175 referat.
804 1116 997 1173 Alexis
1041 1116 1188 1188 quod
1233 1115 1373 1172 mihi
1422 1117 1627 1172 totiens
1671 1116 1908 1172 salutem
1950 1117 2191 1188 ascribit,

403 1220 489 1272 est
514 1219 752 1287 gratum.
840 1213 949 1271 Sed
989 1232 1085 1270 cur
1127 1232 1237 1270 non
1280 1214 1394 1270 suis
1435 1213 1640 1270 litteris
1677 1213 1827 1270 idem
1868 1213 2017 1284 facit,
2050 1215 2196 1286 quod

403 1330 558 1369 meus
584 1313 657 1368 ad
684 1317 741 1368 te
782 1310 974 1368 Alexis
1000 1311 1172 1368 facit‘l
1254 1310 1484 1367 Phemio
1511 1310 1794 1383 quaeritur
1823 1306 2000 1384 κέρας.
2088 1311 2198 1369 Sed

403 1409 539 1466 haec
565 1408 844 1466 hactenus.
914 1408 1064 1465 Cura
1088 1412 1154 1465 ut
1181 1408 1368 1465 valeas
1390 1413 1447 1466 et
1474 1412 1540 1464 ut
1560 1409 1730 1465 sciam
1751 1409 1972 1480 quando
1992 1410 2197 1482 cogites

407 1507 657 1565 Romam.
743 1506 932 1562 Etiam
987 1511 1156 1580 atque
1204 1507 1376 1563 etiam
1426 1507 1566 1566 vale.
1656 1506 1745 1564 10.
1794 1506 1915 1564 Tua
1963 1512 2197 1580 tuosque

405 1603 642 1660 Thermo
670 1609 728 1660 et
755 1621 1011 1675 praesens
1053 1603 1261 1676 Ephesi
1303 1603 1727 1675 diligentissime
1756 1605 2196 1662 commendaram

405 1706 464 1758 et
491 1718 636 1756 nunc
662 1717 761 1772 per
786 1700 1019 1771 litteras,
1051 1701 1342 1773 ipsumque
1369 1700 1620 1758 intellexi
1648 1719 1765 1758 esse
1792 1702 2198 1774 perstudiosum

407 1799 506 1856 tui.
594 1798 681 1854 Tu
706 1796 892 1868 velim,
925 1799 1071 1870 quod
1113 1805 1277 1855 antea
1313 1798 1385 1855 ad
1426 1804 1484 1855 te
1512 1799 1719 1872 scripsi,
1752 1799 1819 1855 de
1849 1799 2010 1856 domo
2040 1801 2199 1857 Pam-

406 1897 554 1954 meni
602 1895 698 1960 des
747 1913 983 1968 operam,
1015 1900 1096 1966 ut,
1128 1896 1278 1968 quod
1328 1901 1427 1952 tuo
1476 1914 1707 1968 meoque
1755 1896 2017 1954 beneficio
2064 1917 2199 1970 puer

407 1993 768 2064 habet,‘cu1·'es
789 2011 858 2050 ne
879 2012 990 2066 qua
1009 1995 1223 2051 ratione
1245 1992 1601 2052 convellatur.
1667 1994 1737 2049 Id
1758 2012 1884 2050 cum
1904 1994 2197 2052 honestum

408 2093 632 2164 utrique
661 2096 915 2149 nostrum
943 2092 1218 2163 existim0‚
1252 2097 1374 2148 tum
1402 2091 1539 2148 mihi
1566 2092 1673 2149 erit
1700 2098 2035 2164 pergratum.

485 2428 772 2487 XXXIII.
820 2428 918 2486 ΤΟ
962 2429 1024 2487 P.
1071 2426 1551 2485 VOLUMNIUS
1595 2427 2129 2502 EUTRAPELUS,

910 2538 980 2578 IN
1021 2522 1204 2578 Rom:
1249 2519 1431 2598 (ΒΑΜ.
1464 2537 1572 2579 VII.
1608 2518 1711 2597 32)
1754 2570 1758 2573 .

605 2688 862 2744 CILIOIA,
899 2687 1090 2736 A.U.c.
1132 2683 1262 2746 7033
1308 2688 1418 2735 Rc.
1456 2685 1551 2745 513
1599 2687 1736 2734 AE'I'.
1780 2686 1897 2734 010.
1934 2685 1995 2734 55

494 2841 560 2887 M.
612 2838 776 2885 Cicero
813 2839 866 2885 P.
911 2838 1171 2884 Volumnio
1209 2837 1376 2884 scribit
1415 2837 1475 2883 (16
1512 2837 1668 2894 dictis,
1683 2821 1769 2884 ‘de
1806 2837 2009 2896 indicna,
2050 2837 2111 2884 de
2154 2851 2204 2884 re

413 2917 619 2976 publica,
651 2918 712 2964 de
735 2915 989 2964 Dolabella
1009 2915 1226 2960 nondum
1242 2927 1429 2974 genero.

517 3069 566 3126 l.
615 3067 776 3138 Quod
817 3069 934 3125 sine
961 3067 1311 3140 praenomine
1352 3067 1714 3138 familiariter,
1746 3073 1812 3124 ut
1849 3067 2103 3140 debebas,
2135 3069 2205 3125 ad

416 3184 503 3222 me
524 3165 813 3237 epistolam
841 3165 1060 3234 misisti,
1082 3165 1320 3237 primum
1343 3165 1671 3222 addubitavi
1691 3183 1826 3221 num
1854 3183 1889 3220 a
1908 3164 2207 3222 Volumnio

416 3267 667 3320 senatore
715 3268 875 3333 esset,
925 3281 1161 3335 quocum
1207 3263 1347 3318 mihi
1394 3267 1479 3319 est
1533 3280 1765 3333 magnus
1814 3280 1961 3332 usus,
2008 3263 2207 3320 deinde
