2434 3734
769 294 1017 344 xxx111.
1056 282 1241 361 (ΒΑΜ.
1279 293 1398 343 vn.
1438 279 1527 358 32)
2000 293 2063 341 59

269 444 616 523 εὐτραπελία
662 449 978 506 litterarum
1032 449 1181 518 fecit,
1222 454 1287 506 ut
1328 447 1705 520 intellegerem
1752 452 1879 504 tuas
1926 465 2059 505 esse.

269 546 486 616 Quibus
513 547 572 602 in
614 546 819 604 litteris
847 547 1033 603 omnia
1059 546 1198 602 mihi
1226 545 1573 618 periucunda
1594 545 1821 602 fuerunt
1848 549 2066 617 praeter

266 644 425 715 illud,
457 643 604 716 quod
645 662 840 716 parum
869 644 1163 716 diligenter
1189 644 1459 716 possessio
1486 643 1785 700 salinarum
1819 661 2064 700 mearum

267 761 303 798 a
324 747 381 799 te
397 745 747 815 procuratore
768 741 1100 800 defenditur.
1173 741 1276 798 Ais
1297 741 1460 812 enim,
1480 745 1549 797 ut
1574 758 1675 814 ego
1704 740 2053 806 discesserim.

269 840 455 896 omnia
495 839 742 896 omnium
783 839 948 911 dicta,
980 839 1040 896 in
1079 838 1168 896 his
1210 839 1383 896 etiam
1412 838 1683 908 Sestiana,
1713 838 1773 894 in
1813 855 1903 894 me
1943 857 2065 896 con-

267 937 415 995 ferri.
519 936 705 1006 Quid?
765 942 830 994 tu
885 937 943 993 id
997 936 1245 1010 pateris?
1304 954 1485 993 nonne
1537 935 1826 994 defendis?
1885 953 2064 994 nonne

268 1036 519 1116 resistis?
600 1034 875 1107 Equidem
923 1034 1210 1109 sperabam
1265 1035 1350 1091 ita
1401 1038 1597 1092 notata
1643 1051 1733 1092 me
1779 1032 2065 1106 reliquisse

268 1150 469 1205 genera
495 1132 768 1190 dictorum
797 1151 1058 1205 meorum,
1092 1137 1158 1191 ut
1187 1132 1439 1205 cognosci
1467 1150 1568 1189 sua
1595 1135 1791 1204 sponte
1820 1136 2059 1204 possent.

272 1232 325 1289 2.
373 1230 481 1288 Sed
523 1230 784 1304 quoniam
832 1236 993 1289 tanta
1039 1229 1166 1287 faex
1213 1237 1301 1287 est
1348 1231 1407 1286 in
1454 1229 1606 1300 urbe,
1648 1233 1714 1285 ut
1762 1229 1906 1286 nihil
1945 1235 2061 1286 tam

269 1329 346 1385 sit
395 1324 681 1402 ἀκύθηρον
729 1327 877 1401 quod
923 1347 1034 1386 non
1076 1328 1242 1385 alicui
1282 1332 1581 1386 venustum
1625 1345 1743 1384 esse
1791 1327 2065 1399 videatur,

270 1445 472 1500 pugna,
507 1427 557 1483 si
599 1444 687 1483 me
729 1444 896 1492 amas,
933 1426 1042 1483 nisi
1083 1429 1249 1483 acuta
1297 1421 1653 1501 ἀμφιβολία,
1691 1425 1798 1482 nisi
1846 1424 2067 1498 elegans

272 1520 587 1598 ὑπερβολή,
621 1524 728 1580 nisi
754 1519 1144 1600 παράγραμμα
1181 1522 1406 1596 bellum,
1438 1523 1547 1580 nisi
1578 1522 1871 1580 ridiculum
1913 1519 2065 1598 παρὰ

270 1618 635 1695 προσδοκίαν,
667 1622 775 1679 nisi
815 1626 1012 1692 cetera,
1042 1639 1183 1694 quae
1223 1626 1355 1679 sunt
1384 1639 1419 1678 a
1445 1638 1533 1678 me
1572 1621 1633 1678 in
1659 1622 1897 1678 secundo
1923 1621 2066 1681 libro

271 1735 350 1775 DE
393 1735 669 1776 ORATORE
696 1737 794 1792 per
813 1719 1048 1777 Antonii
1074 1738 1365 1792 personam
1387 1719 1674 1792 disputata
1701 1720 1770 1777 de
1798 1719 2061 1794 ridiculis,

273 1812 509 1892 ἔντεχνα
550 1821 608 1874 et
644 1821 844 1890 arguta
883 1816 1245 1890 apparebunt,
1276 1823 1343 1875 ut
1384 1823 1725 1875 sacramento
1766 1817 2065 1875 contendas

272 1932 395 1971 mea
441 1932 552 1971 non
599 1932 732 1973 esse.
821 1914 878 1972 N
881 1933 972 1971 arn
1019 1915 1088 1973 de
1137 1915 1356 1973 iudiciis
1395 1914 1541 1988 quod
1583 1915 1841 1988 quereris,
1886 1915 2065 1973 multo

271 2011 458 2070 laboro
499 2013 697 2070 minus.
783 2013 1100 2070 Trabantur
1124 2031 1223 2086 per
1248 2031 1338 2070 me
1378 2013 1611 2086 pedibus
1639 2030 1826 2070 omnes
1862 2013 1957 2085 rei,
1988 2014 2064 2071 sit

269 2109 361 2166 vel
402 2109 583 2168 Selius
623 2115 742 2167 tam
784 2111 1059 2183 eloquens,
1097 2115 1164 2167 ut
1203 2109 1380 2183 possit
1420 2110 1650 2184 probare
1692 2127 1751 2167 se
1790 2109 2061 2169 liberum:

271 2225 381 2264 non
407 2207 609 2264 laboro.
697 2205 1055 2265 Urbanitatis
1087 2208 1499 2281 possessionem,
1532 2208 1743 2278 amabe,
1776 2208 2063 2280 quibusvis

270 2305 582 2363 interdictis
603 2305 996 2364 defendamus:
1037 2307 1098 2363 in
1123 2324 1237 2379 qua
1267 2310 1321 2363 te
1342 2324 1517 2363 unum
1544 2311 1748 2378 metu0‚
1772 2311 2062 2364 contemno

270 2408 493 2461 ceteros.
579 2403 833 2461 Derideri
873 2409 931 2461 te
963 2405 1167 2476 putas?
1250 2404 1416 2462 Nunc
1443 2404 1666 2462 demum
1701 2404 1963 2478 intellego
2004 2411 2061 2463 te

269 2500 472 2572 sapere.
564 2500 614 2558 3.
669 2500 780 2559 Sed
835 2501 1169 2559 mehercules
1224 2507 1383 2559 extra
1434 2502 1650 2560 iocum:
1705 2502 1868 2559 valde
1921 2503 2061 2561 mihi

269 2603 400 2656 tuae
428 2598 646 2656 litterae
674 2599 884 2656 facetae
905 2599 1291 2673 elegantesque
1317 2601 1469 2658 visae
1497 2606 1641 2658 sunt
1724 2599 1847 2672 Illa,
1873 2618 2060 2673 quam-

269 2696 356 2752 vis
401 2696 633 2753 ridicula
675 2702 874 2769 essent,
915 2698 1060 2755 sicut
1104 2703 1279 2771 erant,
1316 2698 1455 2755 mihi
1502 2702 1690 2755 tamen
1734 2699 1907 2755 risum
1950 2716 2057 2754 non

270 2799 578 2852 moverunt.
685 2795 862 2868 Cupio
930 2796 1077 2852 enim
1145 2802 1399 2853 nostrum
1467 2795 1625 2852 illum
1694 2796 1932 2852 amicum
2000 2797 2057 2852 in

271 2891 562 2948 tribunatu
614 2910 781 2965 quam
834 2893 1133 2966 plurimum
1189 2894 1392 2951 habere
1452 2892 1760 2966 gravitatis,
1812 2892 1872 2949 id
1933 2911 2057 2950 cum

270 2990 441 3061 ipsius
497 3009 660 3047 causa
674 3025 757 3033 -—
773 2996 858 3048 cst
919 2991 1073 3062 mihi,
1133 2996 1200 3048 ut
1260 2992 1383 3062 scis,
1429 2991 1489 3047 in
1544 2990 1821 3048 amoribus
1838 3023 1919 3032 —
1934 2995 2057 3046 tum

270 3087 575 3144 mehercule
616 3088 786 3145 etiam
812 3089 892 3145 rei
918 3088 1204 3160 publicae:
1248 3106 1415 3161 quam
1448 3088 1686 3161 quidem,
1718 3088 1971 3162 quamvis
1998 3089 2057 3145 in

268 3201 358 3240 me
397 3185 616 3257 ingrata
656 3187 747 3257 sit,
787 3204 971 3244 amare
1011 3204 1120 3244 non
1163 3185 1427 3244 desinam.
1512 3186 1615 3256 Tu,
1653 3187 1731 3243 mi
1771 3186 2051 3258 Volumni,

270 3282 528 3353 quoniam
569 3288 627 3340 et
653 3283 948 3340 instituisti
982 3289 1039 3340 et
1080 3283 1218 3340 mihi
1260 3284 1413 3340 vides
1456 3301 1573 3342 esse
1612 3289 1849 3356 gratum,
1879 3283 2055 3342 scribe
