2434 3734
869 268 976 319 XL.
1014 255 1198 337 (ΒΑΜ.
1237 268 1378 319 xv1.
1420 258 1473 336 9)
1994 269 2056 322 71

268 426 550 500 praecipis,
610 444 710 483 nec
763 443 853 484 me
916 423 1076 481 κενὸν
1138 426 1197 481 in
1253 425 1561 497 expetendo
1616 442 1906 499 cognosces
1962 440 2061 486 nec

180 583 185 588 ,
265 520 491 596 ἄτυφον
537 524 596 579 in
645 523 968 582 abiiciend0.
1057 521 1109 581 3.
1157 521 1423 579 Intellexi
1470 540 1539 580 ex
1587 524 1700 580 tuis
1745 523 1953 581 litteris
2002 529 2060 583 te

102 2698 192 2884 39„

0 3270 204 3451 ς

267 638 338 678 ex
384 621 655 678 Turranio
697 620 916 678 audisse
959 638 994 677 a
1041 638 1130 677 me
1178 619 1518 692 provinciam
1564 619 1727 677 fratri
1773 620 2053 680 traditam.

267 718 464 777 Adeon
517 700 618 790 ego
686 735 798 774 non
869 734 1253 791 perspexeram
1321 716 1679 789 prudentiam
1746 716 2059 775 litterarum

271 814 530 873 tuarum?
605 810 873 889 Ἐπέχειν
900 820 958 872 te
985 813 1277 871 scribebas.
1363 811 1513 883 Quid
1552 817 1674 871 erat
1710 813 2061 874 dubitatione

266 913 514 986 dignum,
547 913 596 971 si
623 917 770 970 esset
797 912 1102 995 quidquam
1129 929 1229 969 cur
1268 910 1509 983 placeret
1545 911 1775 970 fratrem
1802 918 1863 971 et
1889 913 2059 973 talem

266 1011 496 1068 fratrem
536 1010 814 1084 relinqui?
887 1004 1198 1085 Ἀθέτησις
1238 1010 1350 1067 ista
1389 1009 1529 1068 mihi
1568 1015 1680 1079 tua,
1722 1027 1831 1066 non
1876 1007 2058 1087 ἐποχὴ

267 1108 574 1166 videbatur.
657 1108 924 1167 Monebas
979 1108 1048 1165 de
1117 1107 1183 1178 Q.
1246 1107 1506 1167 Cicerone
1569 1124 1754 1179 puero,
1813 1113 1879 1165 ut
1933 1127 2057 1167 eum

268 1206 493 1280 quidem
540 1206 867 1279 neutiquam
914 1205 1294 1279 relinquerem.
1382 1200 1605 1280 Τοῦμὸν
1653 1202 1869 1279 ὄνειρον
1917 1201 2055 1281 ἐμοί.

269 1303 479 1361 Eadem
523 1304 722 1377 omnia,
769 1304 928 1376 quasi
970 1302 1229 1361 collocuti
1278 1320 1539 1376 essemus,
1584 1303 1841 1363 vidimus.
1930 1304 2059 1362 Non

269 1401 381 1459 fuit
407 1400 721 1458 faciendum
749 1401 927 1471 aliter,
950 1418 1147 1474 meque
1177 1396 1477 1476 ἐπιχρονία
1506 1398 1687 1476 ἐποχὴ
1716 1406 1816 1459 tua
1842 1402 2060 1461 dubita-

271 1499 421 1555 tione
452 1496 727 1555 liberavit.
817 1496 929 1556 Sed
968 1503 1106 1571 puto
1148 1503 1206 1555 te
1234 1499 1506 1572 accepisse
1534 1499 1605 1557 de
1645 1499 1748 1557 hac
1774 1517 1834 1559 re
1860 1500 2061 1574 episto-

269 1594 382 1653 lam
409 1596 674 1668 scriptam
702 1596 1027 1655 accuratius,
1116 1595 1169 1654 4.
1216 1596 1337 1669 Ego
1379 1595 1697 1654 tabellarios
1723 1602 1943 1670 postero
1970 1598 2059 1656 die

269 1692 342 1750 ad
383 1711 484 1751 vos
529 1711 679 1751 eram
723 1693 1009 1766 missurus,
1056 1710 1194 1767 quos
1235 1699 1374 1767 puto
1415 1698 1547 1753 ante
1585 1699 1849 1753 venturos
1892 1714 2060 1769 quam

268 1795 521 1848 nostrum
563 1789 864 1849 Saufeium.
954 1790 1064 1848 Sed
1112 1809 1240 1849 eum
1280 1792 1400 1849 sine
1442 1792 1581 1849 meis
1627 1791 1835 1850 litteris
1881 1793 1955 1851 ad
2001 1799 2061 1853 te

269 1889 456 1947 venire
496 1888 594 1945 vix
639 1893 852 1947 rectum
895 1893 1029 1947 erat.
1117 1890 1171 1947 5.
1220 1889 1305 1945 Tu
1344 1890 1498 1963 mihi,
1545 1894 1611 1947 ut
1657 1890 1945 1964 polliceris,
1990 1892 2059 1950 de

270 1986 510 2043 Tulliola
556 2004 695 2057 mea,
745 1986 806 2043 id
859 1992 961 2061 est,
1022 1988 1090 2045 de
1145 1987 1456 2062 Dolabella,
1515 1988 1831 2061 persa-ibes,
1884 1989 1954 2047 de
2000 2008 2059 2049 re

269 2083 504 2156 publica,
538 2101 704 2157 quam
731 2082 1026 2157 praevideo
1067 2084 1126 2142 in
1155 2084 1389 2141 summis
1428 2084 1703 2158 periculis,
1735 2084 1804 2142 de
1832 2088 2059 2143 censori-

271 2181 388 2252 bus,
421 2182 770 2254 maximeque
797 2181 866 2238 de
908 2182 1097 2254 signis,
1131 2182 1341 2240 tabulis
1375 2182 1512 2257 quid
1550 2183 1667 2256 fiat,
1699 2184 2055 2243 referatume.
2100 2220 2109 2225 ·

269 2277 465 2335 Idibus
515 2276 739 2336 Octobr.
798 2278 899 2336 has
948 2279 1078 2337 dedi
1130 2279 1366 2353 litteras,
1418 2298 1527 2353 quo
1575 2281 1680 2354 die,
1732 2285 1799 2338 ut
1846 2282 2055 2356 scribis,

270 2374 474 2432 Caesar
540 2376 885 2433 Placentiam
948 2377 1190 2450 legiones
1248 2382 1527 2450 quattuor.
1636 2378 1866 2452 Quaeso,
1925 2380 2061 2452 quid

269 2473 428 2530 nobis
475 2473 729 2531 futurum
770 2474 894 2532 est?
975 2474 1045 2532 In
1085 2492 1208 2532 arce
1256 2474 1496 2533 Athenis
1536 2476 1709 2534 statio
1750 2493 1873 2534 mea
1914 2495 2061 2535 nunc

228 2568 538 2728 W
1516 2677 1701 2745 ..1¹⁶
1725 2555 2171 2749 Ψμω

311 2763 434 2821 XL.
482 2762 770 2822 CICERO
811 2762 981 2820 AND
1025 2762 1162 2821 HIS
1203 2763 1357 2821 SON
1401 2764 1498 2822 ΤΟ
1542 2696 1766 2853 TIRO}
1771 2782 1872 2824 οΝ
1913 2783 2018 2825 ms
2134 2786 2168 2826 s
2238 2788 2249 2808 ·

660 2872 800 2913 πη
845 2873 918 2914 To
960 2857 1141 2914 Romu
1183 2853 1543 2935 (FAM.xv1.
1592 2855 1654 2936 9)
1770 2868 2031 2917 vacam.
2073 2889 2084 2897 ,.
2149 2906 2158 2915 .

259 2921 300 3013 λι
377 2975 811 3033 BRUNDISIUM,
848 2975 1037 3024 A.UC.
1081 2973 1208 3035 7043
1250 2976 1367 3026 Rc,
1407 2976 1503 3035 503
1549 2978 1688 3027 ΑΕΤ.
1726 2979 1843 3027 010.
1882 2979 1945 3028 56

350 3080 415 3127 M.
447 3078 609 3126 Cicero
644 3078 872 3127 describit
903 3079 1221 3139 navigationis
1250 3094 1362 3127 suae
1396 3094 1589 3128 cursum
1622 3085 1671 3128 et
1703 3083 1765 3130 ad
1798 3084 2056 3131 curandam

270 3157 592 3204 valetudinem
614 3157 836 3204 Tironem
859 3157 1148 3205 cohortatur.
1578 3191 1625 3257 ἶ
1667 3200 1731 3235 W
1733 3206 1741 3215 y,
1828 3190 1839 3211 .,

375 3260 424 3316 1.
472 3258 592 3316 Nos
620 3276 656 3315 a
696 3262 768 3329 te,
801 3264 866 3315 ut
907 3260 1028 3329 scis,
1060 3258 1410 3316 discessimus
1452 3278 1497 3316 a.
1526 3260 1577 3317 d.
1612 3277 1695 3319 1v.
1728 3262 1871 3321 Νοιι.
1908 3263 2057 3322 Nov-

293 3361 340 3405 Γ

284 3413 540 3506 ΜΛ
900 3350 1319 3536 ,fist-y

283 3438 1025 3655 ὶωᾶἶλὲ
996 3594 1031 3618 χ
1083 3622 1105 3639 ,.
1145 3475 1284 3602 (A
1242 3455 1594 3668 4¹<

237 3659 737 3715 ‘’M-⁴24
807 3664 891 3714 67
977 3686 1016 3697 -·

1982 3250 2373 3532 &iivuij

2258 3407 2377 3443 Ι,

2225 2840 2378 2909 μ’-ῗ

2295 3290 2355 3337 Μ
