2434 3734
399 268 463 321 74
986 266 1122 318 xm.
1160 255 1331 336 (ΛΤΒ.
1370 268 1491 319 vn.
1532 256 1618 335 17)

401 423 650 495 Scriptae
699 422 846 479 enim
894 426 952 479 et
999 421 1164 479 datae
1211 422 1295 479 ita
1342 426 1490 494 sunt,
1541 426 1609 479 ut
1654 427 2087 496 proponerentur
2132 425 2193 481 in

398 520 652 593 publico:
708 520 767 575 in
815 537 925 591 quo
971 520 1225 576 accusavi
1270 537 1488 577 mecum
1536 520 1652 592 ipse
1700 519 2044 593 Pompeium,
2095 521 2193 594 qui

398 637 523 677 cum
551 618 783 690 scriptor
816 615 1133 675 luculentus
1165 621 1328 690 esset,
1359 621 1549 674 tantas
1587 634 1676 675 res
1714 621 1885 691 atque
1910 636 2018 691 eas,
2050 634 2193 692 quae

397 720 456 775 in
503 716 751 774 omnium
799 733 996 772 manus
1044 718 1315 772 venturae
1361 719 1561 788 essent,
1607 714 1791 773 Sestio
1830 720 2019 773 nostro
2064 716 2191 773 scri-

397 813 604 873 bendas
659 813 885 870 dederit.
994 812 1194 885 Itaque
1248 812 1390 869 nihil
1443 830 1707 885 umquam
1762 812 1871 885 legi
1924 813 2189 885 scriptum

398 906 897 987 σηστιωδέσ-τερον.
1013 908 1259 982 Perspiei
1313 914 1503 967 tamen
1557 927 1628 966 ex
1678 909 1886 967 litteris
1940 909 2192 983 Pompeii

395 1014 582 1083 potest
620 1008 763 1065 nihil
804 1006 1027 1066 Caesari
1066 1007 1256 1079 negari
1297 1007 1589 1079 omniaque
1630 1011 1689 1064 et
1730 1006 2009 1066 cumulate
2050 1025 2192 1080 quae

397 1106 642 1181 postulet
668 1106 805 1177 dari,
836 1123 978 1178 quae
1001 1105 1098 1162 ille
1125 1104 1535 1162 amentissimus
1571 1104 1740 1161 fuerit
1766 1106 1876 1161 nisi
1902 1106 2188 1178 acceperit,

397 1204 720 1278 praesertim
747 1221 872 1261 cum
905 1202 1382 1276 impudentissime
1408 1201 1789 1275 postulaverit.
1878 1202 2015 1271 Quis
2043 1204 2191 1260 enim

399 1308 464 1360 tu
510 1320 584 1374 es,
630 1302 727 1376 qui
773 1300 958 1359 dicas:
1013 1301 1028 1330 ‘
1045 1300 1106 1359 Si
1152 1300 1213 1357 in
1263 1300 1594 1373 Hispaniam
1642 1299 1921 1372 profectus
1968 1299 2089 1371 erit,
2142 1300 2193 1357 si

398 1400 670 1475 praesidia
711 1398 1012 1456 dimiserit?
1097 1398 1309 1454 Tamen
1342 1397 1692 1457 conceditur:
1734 1398 1919 1454 minus
1960 1397 2191 1455 honeste

397 1516 545 1554 nunc
591 1496 830 1570 quidem,
877 1495 1086 1553 violata
1131 1496 1245 1551 iam
1288 1494 1362 1552 ab
1408 1494 1506 1551 illo
1552 1512 1611 1552 re
1657 1494 1882 1567 publica
1926 1494 2193 1568 illatoque

397 1596 558 1669 bello,
596 1612 764 1667 quam
805 1594 853 1651 si
893 1593 1025 1651 olim
1066 1593 1136 1651 de
1176 1593 1391 1650 ratione
1430 1593 1684 1651 habenda
1723 1594 2090 1667 impetrasset,
2134 1598 2194 1651 et

293 1692 312 1709 '
398 1699 587 1752 tamen
613 1710 803 1751 vereor
828 1696 896 1749 ut
934 1691 1024 1748 his
1061 1691 1196 1764 ipsis
1238 1694 1531 1748 contentus
1568 1691 1655 1747 sit.
1738 1690 1796 1748 N
1797 1708 1889 1748 am
1917 1709 2041 1748 cum
2082 1691 2193 1748 ista

399 1790 664 1847 mandata
690 1789 933 1847 dedisset
958 1788 1020 1844 L.
1051 1787 1288 1859 Caesari,
1321 1787 1516 1845 debuit
1556 1805 1673 1846 esse
1712 1788 1899 1862 paullo
1936 1789 2188 1862 quietior,

399 1889 532 1946 dum
593 1905 852 1961 responsa
919 1886 1268 1958 referrentur,
1332 1884 1537 1942 dicitur
1604 1890 1792 1943 autem
1860 1904 2007 1944 nunc
2074 1904 2193 1944 esse

399 1987 710 2044 acerrimus.
797 1983 849 2042 3.
896 1983 1189 2041 Trebatius
1238 1983 1461 2056 quidem
1509 1982 1702 2041 scribit
1744 2001 1803 2040 se
1844 1983 1918 2040 ab
1962 1984 2060 2041 illo
2100 2000 2187 2043 lx.

261 2088 298 2138 κ
377 2084 529 2141 ·Kal.
562 2082 719 2141 Febr.
751 2087 1006 2155 rogatum
1035 2098 1167 2153 esse,
1198 2085 1268 2138 ut
1299 2080 1563 2139 scriberet
1588 2079 1661 2137 ad
1687 2098 1791 2153 me,
1823 2086 1889 2138 ut
1916 2098 2091 2138 essem
2120 2081 2192 2138 ad

399 2177 626 2235 urbem:
675 2176 816 2233 nihil
857 2176 908 2233 ei
946 2193 1036 2233 me
1076 2175 1291 2248 gratius
1333 2174 1512 2232 facere
1551 2191 1725 2246 posse.
1813 2174 1970 2231 Haec
2008 2175 2191 2233 verbis

397 2272 666 2347 plurimis.
773 2271 1035 2329 Intellexi
1082 2289 1151 2329 ex
1197 2271 1413 2345 dierum
1460 2271 1689 2343 ratione,
1735 2275 1802 2327 ut
1841 2272 2081 2343 primum
2123 2272 2191 2337 ,de

398 2373 640 2429 discessu
665 2374 854 2427 nostro
884 2369 1087 2427 Caesar
1114 2368 1377 2439 audisset,
1403 2368 1654 2426 laborare
1696 2385 1821 2424 eum
1856 2367 2095 2440 coepisse
2120 2386 2191 2425 ne

399 2485 587 2527 omnes
627 2467 954 2525 abessemus.
1044 2466 1247 2539 Itaque
1273 2483 1384 2522 non
1424 2462 1622 2522 dubito
1648 2466 1783 2537 quin
1812 2464 1883 2521 ad
1912 2466 2187 2539 Pisonem,

399 2568 533 2641 quin
561 2566 632 2623 ad
663 2566 919 2624 Servium
947 2566 1241 2639 scripserit.
1330 2564 1483 2621 Illud
1504 2564 1743 2621 admiror
1768 2583 1880 2621 non
1907 2566 2091 2637 ipsum
2118 2567 2191 2624 ad

399 2683 488 2722 me
541 2664 834 2736 scripsisse,
888 2680 1000 2719 non
1054 2680 1152 2735 per
1205 2661 1573 2734 Dolabellam,
1624 2680 1734 2719 non
1787 2679 1885 2734 per
1940 2660 2190 2720 Caelium

399 2763 587 2835 egisse,
632 2778 970 2833 quamquam
1010 2777 1119 2817 non
1161 2777 1419 2832 aspernor
1461 2758 1709 2816 Trebatii
1750 2758 1984 2829 litteraS,
2016 2776 2051 2815 a
2081 2777 2191 2832 quo

400 2876 488 2915 me
519 2858 677 2915 unice
718 2856 876 2929 diligi
917 2856 1041 2913 scio.
1127 2856 1175 2914 4.
1227 2856 1503 2929 Rescripsi
1544 2856 1617 2914 ad
1657 2855 2191 2914 Trebatium—nam

401 2956 472 3013 ad
512 2956 695 3029 ipsum
738 2954 1044 3025 Gaesarem,
1091 2953 1188 3026 qui
1229 2952 1369 3009 mihi
1407 2952 1550 3010 nihil
1594 2953 1915 3026 scripsisset,
1957 2953 2191 3011 nolui-

400 3070 567 3124 quam
620 3052 760 3109 illud
813 3050 916 3108 hoc
970 3055 1216 3123 tempore
1302 3054 1416 3139 sset
1469 3049 1705 3121 difficile,
1757 3068 1847 3107 me
1900 3055 2090 3108 tamen
2130 3053 2190 3110 in

400 3148 637 3221 praediis
664 3148 802 3205 meis
841 3164 960 3204 esse
988 3164 1164 3220 neque
1193 3068 1457 3204 ‹1312me
1484 3146 1661 3205 ullum
1704 3165 1879 3220 neque
1906 3149 2189 3220 negotium

401 3244 716 3316 suscepisse.
805 3245 876 3302 In
903 3263 1013 3319 quo
1033 3244 1258 3318 quidem
1283 3243 1532 3315 manebo,
1557 3244 1691 3301 dum
1719 3262 1843 3317 spes
1871 3246 2020 3317 pacis
2047 3246 2189 3305 erit:
