2434 3734
713 287 1005 339 Lxxvm.
1045 278 1229 357 (ΒΑΜ.
1269 288 1388 336 xn.
1430 272 1517 355 10)
1920 286 2013 335 125

232 440 494 514 Reliquas
535 459 750 514 quoque
792 440 1031 514 legiones
1072 460 1182 498 non
1224 440 1445 498 destitit
1484 440 1689 497 litteris
1728 444 1895 513 atque
1934 432 2014 495 in-

230 538 404 594 finitis
431 538 920 611 poHicitationibus
947 538 1193 595 incitare.
1282 538 1403 596 Nec
1421 556 1550 596 vero
1571 538 1752 596 minus
1774 536 2015 610 Lepidus

231 636 370 691 ursit
401 652 491 693 me
523 640 582 693 et
617 636 731 692 suis
758 640 816 693 et
841 635 1075 692 Antonii
1109 635 1329 706 litteris,
1365 639 1433 692 ut
1466 634 1735 707 legionem
1772 634 2015 691 tricensi·

230 750 379 788 mam
415 732 695 789 mitterem
731 732 854 791 sibi.
962 733 1016 790 5.
1062 732 1265 805 Itaque
1301 749 1468 804 quem
1504 731 1804 789 exercitum
1840 748 2017 804 neque

230 830 466 887 vendere
491 830 622 887 ullis
649 830 906 903 praemiis
933 830 1084 887 volui
1111 847 1211 887 nec
1238 846 1426 887 eorum
1453 828 1818 901 periculorum
1844 832 2013 901 metu,

230 944 372 999 quae
407 926 709 985 victoribus
751 926 862 983 illis
903 926 1390 999 portendebantur,
1433 925 1763 998 deminuere,
1804 925 2019 982 debetis

232 1025 548 1083 existimare
595 1029 874 1083 retentum
922 1028 980 1083 et
1027 1028 1411 1082 conservatum
1459 1024 1539 1081 rei
1585 1022 1835 1096 publicae
1883 1040 2015 1094 esse,

233 1126 398 1195 atque
445 1123 528 1180 ita
575 1122 806 1196 credere,
859 1121 1241 1195 quodcumque
1296 1121 1684 1195 imperassetis,
1742 1119 2019 1177 facturum

233 1218 416 1290 fuisse,
448 1219 496 1275 si
523 1217 670 1293 quod
697 1220 936 1277 iussistis
963 1218 1084 1277 feci.
1170 1218 1323 1276 Nam
1359 1222 1418 1276 et
1450 1217 1789 1290 provinciam
1821 1217 1879 1273 in
1908 1217 2020 1275 otio

234 1321 292 1372 et
329 1316 628 1373 exercitum
665 1316 725 1374 in
761 1334 886 1374 mea
920 1320 1199 1389 potestate
1238 1316 1429 1375 tenui:
1471 1315 1677 1373 finibus
1712 1332 1867 1372 meae
1901 1333 2020 1388 pro-

232 1413 446 1470 vinciae
472 1430 745 1486 nusquam
773 1414 1014 1473 excessi:
1055 1413 1294 1471 militem
1322 1431 1432 1470 non
1459 1412 1621 1470 modo
1641 1412 2016 1484 legionarium,

233 1510 331 1567 sed
371 1528 440 1567 ne
480 1510 836 1568 auxiliarium
877 1511 1103 1584 quidem
1143 1510 1324 1568 ullum
1366 1528 1645 1584 quoquam
1684 1510 1827 1581 misi,
1868 1513 1939 1579 et,
1972 1509 2020 1565 si

236 1621 372 1675 quos
420 1605 632 1677 equites
679 1604 1004 1662 decedentes
1052 1610 1250 1662 nactus
1305 1622 1446 1675 sum,
1499 1602 1770 1677 supplicio
1824 1601 2014 1659 adfeci.

237 1698 483 1767 Quarum
525 1717 708 1756 rerum
749 1700 994 1757 fructum
1035 1701 1172 1757 satis
1212 1718 1477 1773 mag-num
1517 1719 1576 1757 re
1611 1700 1833 1774 publica
1868 1700 2021 1757 salva

235 1796 429 1853 tulisse
456 1814 546 1853 me
572 1797 796 1870 putabo,
881 1796 991 1855 Sed
1018 1815 1106 1854 res
1131 1797 1357 1872 publica
1392 1798 1441 1855 si
1478 1814 1567 1855 me
1606 1797 1743 1854 satis
1780 1797 2021 1855 novisset

235 1898 294 1950 et
339 1893 514 1950 maior
559 1910 686 1965 pars
726 1897 968 1967 senatus,
1014 1894 1247 1951 maiores
1290 1911 1359 1951 ex
1397 1911 1486 1951 me
1526 1894 1742 1951 fructus
1782 1894 2017 1952 tulisset.

237 1990 561 2064 Epistolam,
615 2009 780 2064 quam
829 1990 1021 2063 Balbo,
1071 2009 1196 2048 cum
1246 1992 1415 2049 etiam
1460 2009 1606 2048 nunc
1644 1992 1705 2047 in
1743 1992 2022 2064 provincia

235 2095 394 2161 esset,
436 2088 643 2161 scripsi,
686 2087 973 2161 legendam
1012 2088 1119 2145 tibi
1155 2089 1321 2146 misi:
1370 2088 1539 2145 etiam
1574 2091 1933 2160 praetextam,
1974 2088 2021 2144 si

237 2182 388 2238 voles
428 2182 621 2254 legere,
664 2180 892 2239 Gallum
935 2181 1271 2255 Cornelium,
1305 2182 1631 2239 familiarem
1672 2199 1873 2253 meum,
1903 2198 2022 2252 pos-

236 2280 363 2337 cit0.
449 2295 530 2336 VI.
560 2278 697 2335 Idus
725 2278 934 2350 Iunias,
965 2278 1238 2337 Corduba.

239 2539 574 2597 LXXVIII.
608 2540 705 2598 ΤΟ
737 2540 1076 2611 CASSIUS,
1114 2557 1182 2597 m
1213 2540 1527 2597 LAoman
1558 2541 1739 2613 (ΕΔΜ.
1772 2558 1882 2599 xn.
1919 2539 2019 2619 10)

473 2696 667 2752 ΒΟΜΕ,
704 2694 894 2744 A.U.o.
933 2694 1061 2755 ⁷113
1105 2696 1216 2744 Rc.
1256 2698 1353 2753 433
1386 2696 1525 2743 Am.
1561 2696 1679 2744 010.
1720 2696 1781 2744 63

321 2838 388 2887 M.
413 2838 576 2887 Cicero
601 2839 837 2899 Lepidum
873 2840 1060 2887 hostem
1094 2841 1361 2889 iudicatum
1395 2842 1561 2889 scribit
1594 2844 1643 2889 et
1676 2841 1889 2890 Cassium
1913 2858 2019 2891 cum

238 2916 451 2963 exercitu
474 2917 524 2962 in
547 2916 693 2963 Italia
715 2918 994 2977 exspectari.

344 3057 392 3113 1.
434 3057 691 3130 Lepidus,
734 3062 865 3114 tuus
907 3058 1120 3132 adfinis,
1153 3077 1309 3116 meus
1353 3059 1655 3131 familiaris,
1687 3060 1861 3133 pridie
1888 3060 2017 3119 Kal.

241 3153 548 3224 Quinctiles
588 3156 878 3212 sententiis
920 3156 1174 3213 omnibus
1222 3156 1399 3213 hostis
1440 3174 1475 3213 a
1514 3161 1709 3214 senatu
1749 3157 2022 3216 iudicatus

239 3258 325 3311 est
367 3254 654 3325 ceterique,
689 3254 785 3325 qui
825 3272 936 3310 una
975 3272 1100 3311 cum
1141 3254 1238 3311 illo
1265 3273 1300 3311 a
1324 3273 1383 3312 re
1410 3254 1631 3328 publica
1672 3256 2021 3316 defecerunt:
