2434 3734
805 258 939 308 LVI.
977 246 1161 326 (ΕΔΜ.
1200 258 1311 308 xv.
1351 248 1438 327 17)
1963 262 2023 310 95

232 418 450 475 litteras
476 438 490 475 z
532 434 656 473 cum
685 415 755 472 ad
783 432 872 471 me
900 415 1146 487 veniunt,
1181 414 1362 471 nullas
1391 415 1663 473 adferunt.
1751 416 1938 489 Atque
1965 418 2023 474 id

231 516 414 589 ipsum
443 515 685 571 facerent
713 512 1064 581 commodine,
1089 513 1138 568 si
1165 512 1304 569 mihi
1332 512 1543 585 aliquid
1564 513 1732 585 spatii
1760 512 1831 570 ad
1858 514 2023 571 scrib-

231 611 436 669 endum
476 612 688 681 darent,
732 610 831 667 sed
871 610 1110 683 petasati
1150 610 1399 682 veniunt,
1432 610 1659 667 comites
1700 610 1773 667 ad
1805 616 2023 684 portam

166 758 182 773 ,
231 714 547 783 exspectare
587 708 796 765 dicunt.
883 707 1030 779 Ergo
1070 707 1354 779 ignosces:
1411 706 1613 764 alteras
1654 707 1884 765 habebis
1924 710 2025 767 has

230 807 440 878 breves,
471 805 568 863 sed
597 810 854 878 exspecta
888 801 1074 861 πάντα
1100 800 1228 878 περὶ
1264 800 1506 860 πάντων.
1594 804 1718 862 Etsi
1757 806 1891 878 quid
1925 825 2025 879 ego

229 920 320 962 me
349 905 456 961 tibi
482 921 672 977 purgo,
704 920 829 959 cum
857 904 943 960 tui
985 902 1057 959 ad
1083 920 1171 959 me
1205 902 1398 959 inanes
1424 903 1668 975 veniant,
1700 902 1771 960 ad
1814 908 1871 960 te
1899 922 2024 961 cum

229 1002 480 1074 epistolis
507 1001 894 1058 revertantur‘l
978 1002 1030 1060 2.
1075 999 1196 1057 Nos
1217 1000 1577 1057 hic—tamen
1605 1000 1677 1057 ad
1705 1007 1762 1059 te
1789 1002 2023 1060 scribam

229 1098 741 1172 aliquid—Sullam
795 1102 1010 1172 patrem
1064 1102 1349 1155 mortuum
1404 1098 1746 1157 habebamus
1772 1119 1784 1155 :
1841 1099 1937 1156 alii
1991 1118 2025 1157 a

232 1196 560 1268 latronibus,
591 1196 688 1253 alii
715 1196 992 1253 cruditate
1019 1195 1314 1253 dicebant:
1356 1195 1593 1268 populus
1622 1214 1729 1253 non
1760 1198 2022 1256 curabat:

231 1294 584 1352 combustum
605 1294 753 1351 enim
773 1311 892 1351 esse
911 1292 1217 1351 constabat.
1295 1294 1419 1351 Hoc
1436 1298 1500 1351 tu
1516 1311 1615 1367 pro
1633 1298 1733 1351 tua
1752 1294 2025 1367 sapientia

231 1392 373 1449 feres
405 1409 579 1463 aequo
617 1391 830 1448 animo:
874 1407 1209 1463 quamquam
1247 1386 1552 1464 πρόσωπον
1587 1386 1807 1450 πόλεως
1844 1393 2024 1449 amisi-

233 1509 371 1547 mus.
461 1489 751 1547 Gaesarem
779 1488 1057 1561 putabant
1085 1488 1315 1545 moleste
1351 1487 1613 1561 laturum,
1644 1494 1927 1547 verentem
1954 1508 2024 1547 ne

232 1588 396 1644 hasta
429 1586 744 1643 refrixisset.
832 1585 1081 1643 Mindius
1118 1585 1418 1643 Marcellus
1459 1589 1518 1643 et
1559 1585 1754 1643 Attius
1780 1586 2023 1659 pigmen-

234 1684 408 1740 tarius
429 1682 592 1740 valde
619 1681 936 1755 gaudebant
962 1699 1022 1740 se
1043 1681 1417 1739 adversarium
1438 1681 1753 1755 perdidisse.
1842 1682 1893 1739 3.
1934 1683 2022 1741 De

234 1781 508 1853 Hispania
526 1780 661 1849 novi
673 1779 828 1852 nihil,
849 1779 947 1836 sed
969 1780 1310 1852 exspectatio
1324 1779 1487 1837 valde
1507 1797 1734 1852 magna:
1776 1799 2022 1840 rumores

230 1879 518 1947 tristiores,
542 1877 639 1934 sed
661 1872 980 1935 ἀδέσποτοι.
1062 1876 1245 1935 Pansa
1264 1882 1451 1935 noster
1466 1876 1763 1950 paludatus
1782 1896 1829 1935 a.
1850 1878 1901 1934 d.
1926 1895 2015 1937 111.

232 1975 468 2032 Kalend.
507 1969 681 2053 [Ian-J
711 1974 988 2045 profectus
1015 1979 1116 2045 est,
1148 1979 1215 2030 ut
1257 1975 1440 2047 quivis
1480 1973 1795 2046 intellegere
1836 1982 2021 2047 posset

229 2074 306 2145 id,
351 2072 499 2145 quod
537 2077 603 2128 tu
640 2089 814 2144 nuper
853 2071 1109 2129 dubitare
1144 2073 1391 2148 coepisti,
1436 2069 1503 2129 τὸ
1543 2068 1726 2127 καλὸν
1763 2068 1837 2127 δι’
1881 2070 2019 2129 αὐτὸ

231 2167 455 2244 αἱρετὸν
483 2187 616 2225 esse.
701 2168 852 2225 Nam
880 2169 1028 2241 quod
1053 2168 1263 2227 multos
1289 2169 1523 2227 miseriis
1550 2169 1761 2227 levavit
1788 2174 1846 2227 et
1872 2171 2020 2244 quod

229 2286 290 2325 se
325 2268 384 2324 in
411 2267 500 2323 his
526 2265 689 2322 malis
716 2266 995 2323 hominem
1022 2266 1295 2339 praebuit,
1324 2266 1594 2324 mirabilis
1622 2284 1749 2324 eum
1775 2267 2015 2325 virorum
2106 2322 2114 2333 ,

228 2367 498 2423 bonorum
525 2363 912 2421 benevolentia
947 2368 1237 2437 prosecuta
1263 2369 1363 2421 est.
1450 2364 1504 2422 4.
1551 2363 1636 2421 Tu
1664 2364 1812 2437 quod
1838 2364 2019 2423 adhuc

231 2462 514 2520 Brundisii
541 2466 787 2518 moratus
813 2478 886 2534 es,
912 2461 1072 2518 valde
1100 2461 1271 2534 probo
1290 2465 1348 2518 et
1373 2461 1600 2533 gaude0‚
1627 2466 1683 2518 et
1712 2462 2018 2520 mehercule

227 2566 367 2633 puto
396 2564 453 2617 te
472 2559 748 2631 sapienter
767 2558 1058 2631 facturum,
1085 2559 1134 2615 si
1155 2554 1563 2618 οἶκενόσπουδος
1582 2558 1764 2617 fueris.
1840 2561 2017 2618 Nobis

227 2657 468 2731 quidem,
500 2656 597 2728 qui
624 2661 681 2713 te
708 2673 972 2727 amamus,
998 2658 1103 2713 erit
1122 2661 1359 2729 gratum.
1447 2657 1539 2729 Et,
1570 2656 1767 2714 amabo
1795 2662 1867 2725 te,
1891 2677 2016 2715 cum

226 2756 388 2812 dabis
413 2753 644 2826 posthac
672 2753 881 2826 aliquid
910 2754 1134 2811 domum
1175 2753 1503 2826 litterarum,
1536 2755 1646 2812 mei
1682 2756 2007 2815 memineris.

229 2854 350 2925 Ego
388 2870 693 2924 numquam
729 2869 1063 2924 quemquam
1103 2851 1176 2907 ad
1217 2856 1291 2922 te,
1321 2870 1447 2909 cum
1487 2852 1671 2924 sciam,
1717 2851 1835 2908 sine
1876 2853 2013 2910 meis

225 2950 432 3008 litteris
459 2950 538 3007 ire
565 2949 757 3023 patiar.
837 2948 991 3008 Vale.
