2434 3734
693 244 902 296 xxxv.
941 231 1110 313 (Arr.
1148 245 1239 296 v1.
1280 247 1327 309 1,
1360 237 1417 310 §g
1450 232 1631 314 17-26)
1980 251 2034 298 61

248 400 666 460 combibonibus
695 400 981 472 Epicuriis,
1014 400 1227 472 optima
1266 416 1429 472 opera
1469 400 1587 457 eius
1617 401 1703 458 uti
1735 401 1891 460 soleo,
1984 403 2036 463 3.

251 501 310 556 Is
353 517 478 556 cum
519 498 592 556 ad
630 516 720 554 me
763 497 1088 554 Laodiceam
1129 497 1374 556 venisset
1413 516 1735 571 mecumque
1780 517 1880 573 ego
1916 518 2040 558 eum

248 616 366 656 esse
392 596 606 668 vellem,
639 599 863 667 repente
898 613 1187 668 percussus
1215 600 1303 653 est
1342 596 1695 653 atrocissimis
1735 597 1951 671 litteris,
1984 600 2042 655 in

247 692 452 766 quibus
519 691 783 763 scriptum
852 695 971 748 erat
1037 691 1273 748 fundum
1343 692 1807 752 Herculanensem
1876 714 1911 752 a
1972 695 2037 766 Q.

250 789 423 846 Fadio
489 788 660 846 fratre
720 789 1086 862 proscriptum
1155 807 1287 860 esse,
1347 791 1444 862 qui
1510 791 1715 849 fundus
1784 811 1909 850 cum
1976 811 2041 851 eo

249 886 552 944 communis
594 890 751 943 esset.
839 885 911 942 Id
943 886 1022 942 M.
1057 886 1265 944 Fadius
1305 889 1643 960 pergraviter
1683 889 1817 946 tulit
1857 891 2040 948 existi-

249 987 532 1057 mavitque
613 984 840 1042 fratrem
923 1002 1102 1058 suum,
1175 985 1455 1042 hominem
1525 1004 1635 1043 non
1716 988 2034 1062 sapientem,

247 1084 492 1158 impulsu
519 1083 867 1140 inimicorum
905 1101 1128 1140 suorum
1159 1102 1223 1141 eo
1248 1101 1595 1158 progressum
1636 1103 1767 1143 esse.
1854 1086 1913 1143 Ν
1914 1105 2034 1158 unc,

247 1184 296 1239 si
324 1200 412 1239 me
439 1199 606 1253 amas,
640 1181 718 1236 mi
746 1181 932 1252 Paete,
965 1180 1249 1254 negotium
1277 1186 1460 1238 totum
1501 1183 1747 1256 suscipe:
1789 1183 2043 1242 molestia

252 1279 485 1336 Fadium
525 1277 712 1335 libera.
800 1277 1151 1336 Auctoritate
1183 1283 1285 1335 tua
1317 1278 1476 1336 nobis
1518 1297 1653 1352 opus
1694 1284 1879 1337 estet
1918 1299 2040 1338 con-

248 1377 373 1434 silio
426 1380 484 1433 et
537 1375 705 1432 etiam
760 1375 954 1446 gratia.
1062 1373 1195 1431 Noli
1251 1376 1371 1448 pati
1437 1375 1657 1449 litigare
1724 1377 1923 1435 fratres
1983 1385 2040 1437 et

248 1475 464 1531 iudiciis
533 1472 789 1546 turpibus
843 1471 1159 1530 conflictari.
1276 1473 1561 1530 Matonem
1616 1479 1675 1531 et
1736 1475 2039 1534 Pollionem

249 1572 498 1628 inimicos
523 1570 694 1626 habet
723 1567 944 1627 Fadius.
1035 1568 1183 1639 Quid
1204 1569 1420 1627 multa?
1451 1588 1560 1627 non
1588 1571 1896 1630 mehercule
1922 1578 2039 1630 tam

248 1668 578 1743 perscribere
604 1684 828 1740 possum
855 1683 1024 1739 quam
1051 1666 1189 1722 mihi
1222 1672 1444 1740 gratum
1484 1667 1689 1742 feceris,
1721 1670 1770 1726 si
1802 1671 2039 1728 otiosum

251 1767 485 1823 Fadium
539 1763 853 1822 reddideris,
957 1763 1027 1820 Id
1081 1763 1174 1820 ille
1218 1765 1274 1820 in
1332 1769 1389 1822 te
1431 1766 1671 1837 positum
1716 1784 1834 1824 esse
1875 1773 2040 1840 putat

251 1864 492 1936 mihique
519 1861 823 1935 persuadet.

357 2130 600 2188 XXXV.
647 2128 931 2187 CICERO
975 2128 1072 2186 ΤΟ
1114 2127 1465 2201 ATTIOUS,
1513 2145 1595 2186 0101
1638 2147 1739 2187 ms
1780 2148 1923 2189 WAY

608 2242 682 2282 'ro
725 2227 907 2283 Romu
951 2224 1117 2303 (A'r‘r.
1166 2241 1250 2285 vl.
1303 2227 1351 2298 1,
1396 2228 1452 2300 ἐξ
1498 2227 1717 2305 17-26)

399 2370 737 2428 LAODICEA,
774 2370 964 2418 A.U.o.
1007 2368 1136 2428 7043
1179 2370 1234 2418 B.
1245 2369 1297 2419 Ο.
1339 2369 1437 2430 503
1482 2372 1625 2448 AET.
1664 2372 1779 2421 010.
1823 2373 1884 2421 56

314 2505 386 2550 De
409 2515 564 2548 errore
586 2516 616 2547 a
649 2500 846 2547 Metello
877 2501 930 2546 in
961 2501 1315 2562 subscriptione
1345 2504 1532 2549 statuae
1555 2503 1769 2550 Africani
1790 2505 1919 2552 facto
1940 2518 2037 2552 non

248 2581 532 2636 excusando,
557 2578 796 2625 similibus
821 2578 1059 2624 erroribus
1091 2593 1121 2624 a
1151 2579 1342 2626 Graecis
1366 2581 1640 2626 auctoribus
1664 2583 1941 2642 commissis,
1977 2583 2037 2629 de

249 2659 524 2717 Philotimo,
565 2657 624 2702 de
659 2655 984 2702 admonitione
1019 2655 1186 2714 Attici,
1230 2657 1289 2703 de
1325 2657 1391 2703 M.
1434 2657 1620 2704 Octavii
1664 2660 1936 2719 postulatis,
1979 2661 2037 2706 de

249 2737 414 2797 Lepta,
445 2735 506 2781 de
527 2733 677 2781 filiola
698 2733 853 2780 Attici
876 2735 926 2780 et
948 2733 1084 2780 Pilia.
1154 2734 1259 2780 Iam
1276 2734 1485 2782 breviter
1504 2736 1761 2795 respondet
1783 2737 1845 2783 ad
1867 2738 2037 2797 episto-

246 2817 345 2862 lam
368 2815 626 2876 quamdam
655 2813 888 2860 minorem
921 2813 980 2859 de
1014 2813 1180 2860 multis
1214 2815 1452 2874 variisque
1485 2816 1627 2862 rebus
1660 2818 1710 2864 et
1740 2817 2028 2864 hominibus.

249 2894 456 2940 Litteras
478 2892 631 2938 Attici
661 2891 731 2939 ait
763 2905 815 2937 se
847 2893 1134 2951 exspectare,
1175 2892 1235 2939 de
1270 2891 1480 2948 Caesare,
1517 2893 1576 2939 de
1612 2894 1851 2954 Pompeio,
1886 2895 1945 2941 de
1976 2897 2029 2944 P.

247 2971 402 3018 Vedio
425 2971 620 3028 eiusque
643 2969 970 3014 deversatione
991 2970 1122 3029 apud
1146 2970 1424 3029 Pompeium
1451 2971 1737 3017 Vindullum
1762 2972 2033 3031 Laodiceae,

247 3049 308 3094 de
330 3049 642 3093 monumento
665 3047 814 3106 Appii
837 3046 1073 3104 Eleusine,
1098 3046 1157 3093 de
1189 3050 1499 3094 monumento
1532 3048 1661 3107 quod
1692 3049 1767 3095 sui
1794 3050 1895 3110 ipse
1918 3050 2035 3098 velit

248 3139 348 3173 esse
371 3124 587 3172 Athenis,

331 3252 426 3338 17.
459 3251 546 3310 De
563 3255 752 3309 statua
772 3248 1158 3309 Africani—‹¹2⁸›
1184 3249 1534 3324 πραγμάτων
1563 3250 1998 3330 ἅσυγκλῶστων
2020 3259 2031 3317 Ξ
