2434 3734
410 228 472 277 σε
842 224 1051 275 xxxv.
1089 218 1260 293 (ATT.
1300 225 1389 275 VI.
1430 228 1475 288 1,
1510 216 1565 289 §g
1602 212 1786 295 17-26)

407 382 506 441 sed
561 400 649 439 me
695 381 753 439 id
810 382 992 453 ipsum
1041 380 1343 437 delectavit
1391 382 1450 437 in
1492 381 1606 437 tuis
1654 381 2047 439 litteris—ain
2098 385 2203 442 tu?

408 480 590 552 Scipio
630 478 722 534 hic
765 477 1028 535 Metellus
1071 496 1339 550 proavum
1368 496 1529 535 suum
1571 478 1745 536 nescit
1786 497 2062 537 censorem
2092 499 2200 538 non

405 576 612 635 fuisse?
690 575 868 647 Atqui
909 574 1051 631 nihil
1091 575 1292 632 habuit
1331 575 1485 632 aliud
1525 576 1852 649 inscriptum
1888 578 1999 634 nisi
2036 577 2193 636 OOS.

404 693 470 733 ea
509 678 712 745 statua,
757 690 898 745 quae
939 672 1011 729 ad
1046 672 1182 745 Opis
1213 690 1311 745 per
1349 677 1407 729 te
1447 674 1629 745 posita
1670 674 1728 729 in
1769 673 1979 731 excelso
2006 678 2107 745 est,
2138 675 2198 730 in

403 771 502 828 illa
541 775 744 843 autem,
785 787 928 842 quae
970 774 1056 826 est
1096 769 1170 826 ad
1211 765 1593 829 Πολυκλέους
1630 770 1943 842 Herculem,
1974 771 2199 843 inscrip-

405 874 526 925 tum
563 871 650 924 est
689 866 905 924 GENS.
937 884 1105 939 quam
1135 884 1252 923 esse
1280 866 1525 923 eiusdem
1553 870 1750 938 status,
1783 868 2033 938 amictus,
2066 886 2197 924 anu-

402 965 506 1036 lus,
530 965 713 1037 imago
735 964 856 1037 ipsa
876 963 1135 1023 declarat.
1222 962 1303 1020 At
1324 963 1633 1021 mehercule
1661 982 1761 1036 ego
1782 982 1906 1022 cum
1932 966 1991 1021 in
2012 970 2199 1023 turma

404 1063 782 1119 inauratarum
809 1061 1167 1133 equestrium,
1200 1078 1339 1133 quas
1380 1060 1471 1118 hic
1512 1062 1779 1119 Metellus
1819 1064 1878 1118 in
1921 1062 2197 1135 Capitolio

403 1160 603 1231 posuit,
636 1158 1148 1216 animadvertissem
1177 1158 1237 1213 in
1266 1157 1581 1230 Serapionis
1618 1158 2019 1231 subscriptione
2047 1159 2195 1216 Afri-

403 1258 526 1313 cani
552 1256 863 1329 imaginem,
891 1260 1134 1313 erratum
1155 1255 1353 1312 fabrile
1373 1255 1585 1328 putavi,
1611 1274 1757 1312 nunc
1777 1255 1938 1313 video
1960 1257 2191 1316 Metelli.

404 1354 454 1411 Ο
492 1349 906 1427 ἀνιστορησίαν
943 1356 1202 1425 turpem!
1298 1352 1388 1410 18.
1436 1353 1587 1409 Nam
1622 1353 1764 1409 illud
1802 1352 1870 1410 de
1908 1353 2101 1411 Flavio
2139 1360 2198 1412 et

402 1451 581 1522 fastiS,
631 1452 682 1507 si
728 1468 884 1507 secus
932 1453 1034 1521 est,
1081 1466 1369 1506 commune
1410 1454 1655 1506 erratum
1698 1453 1799 1520 est,
1846 1454 1903 1506 et
1944 1454 2011 1506 tu
2053 1450 2197 1509 belle

405 1543 698 1621 ἠπόρησας
724 1552 782 1605 et
811 1564 909 1603 nos
937 1545 1216 1619 publicam
1246 1564 1413 1619 prope
1443 1546 1756 1619 opinionem
1784 1546 1960 1604 secuti
1986 1565 2193 1622 sumus,

403 1650 469 1701 ut
497 1644 676 1701 multa
714 1642 862 1716 apud
901 1642 1156 1701 Graecos.
1246 1642 1383 1711 Quis
1422 1644 1570 1700 enim
1607 1662 1718 1700 non
1746 1642 1890 1700 dixit
1917 1640 2193 1718 Εὔπολιν,

403 1736 504 1794 τὸν
547 1735 652 1811 τῆς
704 1732 962 1811 ᾄρχαίας,
1014 1735 1087 1793 ab
1137 1735 1428 1793 Alcibiade
1482 1737 1782 1809 navigante
1835 1738 1895 1794 in
1951 1737 2196 1796 Siciliam

402 1836 676 1893 deiectum
704 1853 821 1892 esse
848 1836 908 1891 in
934 1834 1123 1892 mare?
1203 1834 1513 1907 Redarguit
1542 1836 1974 1893 Eratosthenes:
2016 1837 2198 1895 adfert

403 1934 550 1991 enim
592 1951 728 2005 quas
769 1931 864 1989 ille
904 1935 1031 2004 post
1072 1931 1132 1987 id
1173 1936 1393 2005 tempus
1434 1931 1652 1988 fabulas
1693 1932 1954 1991 docuerit.
2041 1934 2194 1991 Num

403 2031 602 2087 idcirco
644 2028 819 2085 Duris
863 2027 1098 2099 SamiuS,
1144 2027 1310 2084 homo
1357 2028 1416 2085 in
1464 2027 1699 2095 historia
1746 2028 1994 2101 diligens,
2048 2032 2196 2103 quod

402 2146 527 2183 cum
582 2126 775 2183 multis
830 2127 1049 2198 erravit,
1109 2124 1409 2182 irridetur?
1511 2125 1649 2194 Quis
1698 2125 1994 2182 Zaleucum
2050 2126 2197 2199 leges

403 2225 592 2281 Locris
639 2223 918 2296 scripsisse
967 2241 1076 2279 non
1125 2222 1311 2279 dixit?
1410 2221 1565 2278 Num
1614 2223 1787 2294 igitur
1832 2223 1975 2279 iacet
2025 2222 2197 2281 Theo-

403 2322 679 2393 phrastus,
713 2321 761 2377 si
790 2318 850 2375 id
877 2338 912 2376 a
939 2320 1178 2390 Timaeo,
1211 2324 1310 2376 tuo
1348 2318 1624 2389 familiari,
1657 2318 2045 2391 reprehensum
2070 2322 2197 2378 est?

405 2418 515 2475 Sed
543 2417 749 2475 nescire
777 2422 1044 2489 pfoavum
1072 2434 1236 2473 suum
1264 2434 1540 2472 censorem
1568 2433 1677 2472 non
1705 2415 1873 2473 fuisse
1900 2421 2061 2489 turpe
2089 2423 2190 2490 est,

403 2515 726 2587 praesertim
763 2532 888 2571 cum
925 2518 1052 2585 post
1090 2531 1216 2570 eum
1255 2512 1533 2569 consulem
1571 2530 1733 2569 nemo
1772 2494 2056 2570 Cornelius
2097 2514 2194 2571 illo

403 2611 532 2667 vivo
561 2628 748 2667 censor
775 2609 958 2667 fuerit.
1050 2608 1142 2666 19.
1190 2607 1351 2677 Quod
1388 2608 1457 2665 de
1498 2608 1803 2665 Philotimo
1845 2613 1903 2665 et
1943 2609 2013 2667 de
2052 2610 2192 2667 solu-

404 2708 554 2763 tione
594 2706 696 2764 HS
734 2722 919 2764 XXDO.
952 2705 1162 2776 scribis,
1206 2705 1575 2762 Philotimum
1615 2706 1831 2762 circiter
1869 2705 1995 2763 Kal.
2030 2706 2195 2764 Ianu-

403 2805 546 2861 arias
573 2806 632 2861 in
661 2804 1063 2862 Chersonesum
1092 2802 1258 2859 audio
1286 2804 1537 2861 venisse:
1580 2807 1640 2859 at
1678 2802 1817 2859 mihi
1854 2802 1926 2860 ab
1962 2821 2026 2860 eo
2054 2804 2195 2861 nihil

403 2900 598 2958 adhuc.
692 2901 931 2973 Reliqua
969 2919 1095 2957 mea
1137 2900 1408 2957 Camillus
1450 2900 1642 2957 scribit
1684 2918 1742 2957 se
1784 2901 2085 2973 accepisse:
2129 2920 2195 2960 ea

403 3017 542 3071 quae
570 3000 684 3056 sint
711 3001 892 3056 nescio
931 3004 988 3056 et
1025 3017 1160 3056 aveo
1197 2999 1349 3057 scire.
1436 2998 1645 3055 Verum
1673 2999 1807 3055 haec
1833 3000 2107 3071 posterius
2136 3006 2194 3057 et

403 3112 586 3151 coram
622 3096 853 3153 fortasse
890 3096 1242 3153 commodius
1333 3094 1425 3154 20.
1474 3094 1623 3151 Illud
1652 3113 1755 3166 me,
1788 3095 1865 3151 mi
1894 3094 2100 3167 Attice,
2133 3096 2192 3152 in

403 3195 650 3247 extrema
676 3191 787 3249 fere
815 3196 970 3264 parte
1007 3191 1270 3265 epistolae
1308 3192 1638 3249 commovit:
1680 3191 1873 3249 scribis
1911 3192 2056 3248 enim
2094 3192 2187 3265 sic,
