2434 3734
760 271 1023 322 Lxxvu.
1062 260 1246 341 (EAM.
1285 272 1347 323 x,
1386 260 1474 343 82)
1918 274 2011 323 123

227 444 398 499 eoque
437 426 630 497 magis,
671 426 720 483 si
761 426 1116 499 proficisceris
1155 426 1216 483 in
1257 424 1504 500 Epirum.
1619 428 1670 486 6.
1718 429 1873 486 Haec
1914 447 2013 502 ego

228 523 592 581 conscendens
613 540 643 580 e
673 522 1010 596 Pompeiano
1037 523 1218 581 tribus
1245 524 1561 583 actuariolis
1587 525 2010 585 decemscalmis.

228 622 440 679 Brutus
493 626 612 679 erat
664 622 723 677 in
779 620 986 679 Neside
1036 620 1207 678 etiam
1255 638 1416 693 nunc,
1476 621 1714 696 Neapoli
1770 622 2007 681 Cassius.

229 717 443 791 Ecquid
469 735 624 775 amas
650 717 980 775 Deiotarum
1007 720 1066 775 et
1092 734 1203 775 non
1245 734 1398 775 amas
1441 718 1711 777 Hieram?
1791 718 1914 791 Qui,
1946 724 2013 777 ut

228 815 536 873 Blesamius
573 814 728 871 venit
769 813 841 871 ad
880 832 984 886 me,
1017 832 1191 887 quum
1233 814 1286 872 ei
1326 816 1723 889 praescriptum
1752 821 1910 889 esset,
1942 834 2011 875 ne

228 912 362 985 quid
397 911 516 969 sine
555 910 712 969 Sexti
753 911 928 967 nostri
969 912 1248 969 sententia
1288 917 1489 986 ageret,
1525 930 1703 985 neque
1742 913 1814 970 ad
1853 912 2011 969 illum

227 1027 404 1083 neque
431 1009 504 1067 ad
531 1026 863 1082 quemquam
890 1013 1144 1066 nostrum
1170 1008 1407 1067 rettulit.
1491 1008 1740 1066 Atticam
1768 1013 2011 1067 nostram

229 1108 388 1181 cupio
414 1107 701 1164 absentem
739 1106 1016 1165 suaviarit
1057 1106 1141 1163 ita
1179 1105 1320 1163 mihi
1361 1106 1538 1163 dulcis
1578 1106 1726 1163 salus
1766 1108 1889 1163 visa
1927 1112 2013 1164 est
2112 1136 2117 1142 ·

228 1222 325 1276 per
351 1209 410 1261 te
435 1204 604 1260 missa
631 1203 702 1260 ab
729 1202 843 1261 illa.
917 1202 1144 1260 Referes
1170 1203 1345 1277 igitur
1372 1204 1423 1261 ei
1450 1204 1743 1277 plurimam
1769 1204 2013 1276 itemque

229 1300 404 1359 Piliae
431 1302 580 1359 dicas
607 1300 790 1358 velim.
995 1350 1015 1364 .
1109 1310 1131 1413 ί

379 1571 682 1630 LXXVII.
728 1570 1055 1745 ASINAEPS
1099 1570 1384 1743 POLIgO
1426 1572 1524 1630 TO
1568 1570 1852 1631 CICERO

971 1680 1079 1722 AM.
1127 1681 1184 1721 x.
1232 1664 1266 1721 3

389 1812 708 1869 connum,
744 1811 937 1860 A.U.c.
977 1809 1108 1872 7113
1153 1813 1265 1860 Rc.
1303 1811 1364 1860 43
1385 1828 1399 1872 ;
1444 1814 1585 1862 ΑΜ.
1626 1813 1743 1861 clo.
1787 1815 1847 1863 63

309 1955 362 2004 Ο.
391 1954 586 2001 Asinius
608 1952 762 1999 Pollio
783 1952 844 1999 de
867 1951 1008 1998 Balbi
1037 1951 1303 2012 quaestoris
1337 1953 1413 1999 sui
1446 1952 1637 2012 flagitiis
1671 1956 1720 2001 et
1752 1954 1813 2001 de
1845 1968 1931 2001 suo
1964 1956 2012 2001 in

229 2048 328 2081 rem
349 2032 592 2094 publicam
615 2030 776 2077 studio
798 2030 1007 2089 exponit.

332 2173 382 2231 1.
429 2171 640 2229 Balbus
675 2174 934 2243 quaestor
968 2188 1171 2243 magna
1206 2176 1498 2228 numerata
1532 2173 1775 2245 pecunia,
1817 2191 2016 2246 magno

225 2270 464 2345 pondere
504 2268 639 2341 auri,
679 2268 885 2325 maiore
920 2268 1136 2339 argenti
1164 2272 1351 2325 coacto
1378 2268 1447 2325 de
1473 2268 1711 2341 publicis
1747 2271 2016 2327 exaction-

224 2369 366 2439 ibus,
411 2384 482 2424 ne
529 2365 805 2438 stipendio
845 2364 1070 2438 quidem
1109 2365 1384 2425 militibus
1423 2366 1641 2424 reddito
1682 2367 1844 2425 duxit
1884 2386 1943 2425 se
1983 2388 2016 2426 a

224 2466 476 2525 Gadibus
505 2469 564 2521 et
591 2463 841 2520 triduum
873 2466 1207 2536 tempestate
1245 2468 1497 2522 retentus
1533 2465 1606 2521 ad
1644 2464 1854 2539 Calpen
1882 2467 2010 2525 Kal.
2049 2484 2055 2491 ·

225 2559 406 2616 Iuniis
433 2558 651 2615 traiecit
677 2574 796 2614 sese
821 2558 882 2613 in
918 2574 1148 2629 regnum
1187 2557 1448 2631 Bogudis,
1480 2558 1643 2631 plane
1680 2559 1820 2616 bene
1856 2578 2013 2633 pecu-

223 2657 408 2714 liatus.
495 2656 604 2712 His
631 2655 942 2713 rumoribus
969 2660 1160 2712 utrum
1180 2655 1367 2714 Gades
1388 2657 1655 2713 referatur
1681 2675 1754 2713 an
1782 2658 2017 2717 Romam

224 2754 378 2811 —ad
414 2754 656 2825 singulos
697 2754 841 2810 enim
880 2753 1106 2810 nuntios
1144 2753 1463 2826 turpissime
1501 2754 1727 2811 consilia
1752 2760 2015 2813 mutat-

225 2851 469 2909 nondum
499 2851 626 2909 scic.
714 2850 768 2909 2.
815 2850 924 2908 Sed
959 2855 1178 2924 praeter
1213 2850 1368 2907 furta
1404 2855 1463 2909 et
1498 2852 1719 2924 rapinas
1757 2857 1815 2909 et
1846 2854 2016 2925 virgis

225 2967 410 3007 caesos
457 2949 628 3005 socios
675 2947 811 3005 haec
859 2964 1075 3021 quoque
1123 2949 1271 3021 fecit,
1307 2952 1391 3005 'ut
1436 2948 1555 3021 ipse
1594 2948 1815 3021 gloriari
1857 2951 2013 3023 solet,

225 3046 416 3103 eadem
446 3063 584 3118 quae
615 3042 677 3102 O.
713 3043 931 3115 Caesar,
963 3043 1126 3115 ludis,
1161 3062 1298 3117 quos
1336 3044 1589 3103 Gadibus
1626 3045 1774 3119 fecit,
1809 3046 2017 3104 Heren-

225 3144 381 3200 nium
435 3141 663 3200 Gallum
719 3140 1059 3213 histrionem,
1119 3158 1335 3198 summo
1396 3141 1655 3200 ludorum
1709 3143 1798 3201 die
1852 3144 2016 3203 anulo

225 3258 389 3298 aureo
410 3240 693 3311 donatum,
717 3239 775 3294 in
797 3254 927 3309 XIV„
953 3256 1164 3295 sessum
1185 3238 1418 3297 deduxit
1441 3245 1626 3298 :—tot
1647 3242 1794 3299 enim
1812 3242 2017 3299 fecerat
