2434 3734
847 245 989 296 XIV.
1028 231 1211 314 (ΒΑΜ.
1251 245 1312 295 v.
1353 231 1439 312 12)
1968 246 2031 295 25

247 419 332 470 an,
392 404 457 456 ut
517 399 682 457 multi
742 399 937 456 Graeci
1004 400 1267 471 fecerunt,
1330 399 1695 458 Callisthenes
1764 400 2033 458 Phocium

245 496 469 570 bellum,
530 497 786 554 Timaeus
848 497 1063 570 Pyrrhi,
1131 496 1397 568 Polybius
1451 497 1876 569 Numantinum,
1936 497 2032 570 qui

245 612 434 651 omnes
487 613 522 651 a
575 595 852 667 perpetuis
905 595 1020 652 suis
1066 595 1311 651 historiis
1365 612 1444 667 ea,
1497 612 1636 667 quae
1698 594 1827 666 dixi,
1888 593 2033 652 bella

245 695 657 763 separaverunt,
686 695 751 746 tu
791 709 1008 764 quoque
1050 692 1188 748 item
1230 691 1450 748 civilem
1492 691 1924 748 coniurationem
1961 690 2033 747 ab

175 835 184 838 -
244 788 540 846 hostilibus
595 790 944 862 externisque
1000 790 1160 848 bellis
1217 791 1545 863 seiungeres.
1632 789 1906 863 Equidem
1960 789 2032 847 ad

244 890 492 944 nostram
545 886 766 943 laudem
818 904 930 943 non
984 887 1226 945 multum
1280 886 1441 945 video
1499 887 1777 961 interesse,
1808 885 1908 944 sed
1960 885 2032 943 ad

244 984 684 1058 properationem
711 1002 889 1041 meam
917 985 1184 1058 quiddam
1211 986 1445 1042 interest
1473 1003 1582 1043 non
1611 990 1669 1042 te
1698 989 2028 1058 exspectare,

244 1082 379 1138 dum
406 1081 478 1138 ad
517 1081 698 1138 locum
725 1082 930 1154 venias,
963 1100 1028 1140 ac
1068 1083 1264 1140 statim
1306 1100 1528 1140 causam
1570 1083 1725 1140 illam
1767 1088 1946 1140 totam
1974 1087 2032 1141 et

246 1185 466 1251 tempus
492 1177 756 1250 adripere.
842 1177 919 1236 Et
945 1179 1128 1251 simul,
1161 1180 1210 1236 si
1238 1197 1349 1236 uno
1376 1180 1436 1236 in
1464 1183 1794 1252 argumento
1813 1196 2031 1252 unaque

243 1277 302 1332 in
349 1293 580 1349 persona
627 1294 782 1334 mens
825 1282 926 1334 tua
966 1281 1092 1334 tota
1129 1277 1460 1350 versabitur,
1492 1295 1653 1335 cerno
1694 1278 1807 1335 iam
1847 1278 2032 1335 animo

244 1377 453 1445 quanto
515 1373 700 1429 omnia
759 1373 1014 1431 uberiora
1075 1378 1243 1446 atque
1306 1375 1588 1431 ornatiora
1646 1374 1840 1431 futura
1897 1375 2025 1432 sint.

246 1470 444 1543 Neque
501 1474 691 1528 tamen
751 1472 943 1544 ignoro
1007 1488 1174 1544 quam
1240 1471 1594 1544 impudenter
1653 1471 1869 1544 faciam,
1934 1473 2032 1545 qui

244 1568 485 1641 primum
511 1568 618 1626 tibi
659 1573 883 1624 tantum
925 1568 1102 1625 oneris
1131 1569 1678 1642 imponam—potest
1718 1570 1866 1626 enim
1892 1570 2032 1626 mihi

245 1667 512 1739 denegare
561 1665 845 1738 occupatio
892 1665 1294 1738 tua,—deinde
1349 1667 1535 1738 etiam,
1588 1671 1654 1723 ut
1709 1684 1867 1724 ornes
1922 1685 2027 1739 me,

244 1761 533 1837 postulem.
621 1763 784 1834 Quid,
835 1763 885 1820 si
924 1763 1023 1820 ina
1063 1763 1170 1820 tibi
1210 1782 1322 1820 non
1370 1769 1529 1822 tanto
1572 1782 1732 1837 opere
1771 1764 2034 1822 videntur

246 1861 528 1918 ornanda?
609 1860 662 1916 3.
711 1860 821 1917 Sed
865 1865 1068 1932 tamen,
1117 1861 1216 1933 qui
1263 1861 1435 1918 semel
1480 1861 1841 1919 verecundiae
1895 1862 2031 1919 fines

245 1959 542 2029 transierit,
575 1976 702 2016 eum
735 1957 874 2015 bene
902 1963 960 2014 et
987 1958 1206 2015 naviter
1235 1963 1454 2032 oportet
1486 1977 1603 2016 esse
1632 1959 2024 2031 impudentem.

245 2057 446 2129 Itaque
485 2061 546 2114 te
585 2055 748 2129 plane
789 2056 962 2113 etiam
1003 2060 1172 2128 atque
1199 2056 1371 2113 etiam
1398 2074 1545 2130 rog0,
1577 2061 1643 2114 ut
1683 2061 1742 2114 et
1782 2074 1941 2114 ornes
1968 2075 2033 2114 ea

242 2154 624 2212 vehementius
665 2154 834 2210 etiam
876 2171 1044 2226 quam
1087 2153 1323 2211 fortasse
1363 2155 1553 2226 sentis,
1586 2160 1644 2212 et
1684 2153 1743 2212 in
1784 2172 1849 2211 eo
1883 2154 2032 2227 leges

243 2252 505 2308 historiae
548 2251 817 2324 neglegas,
849 2252 1193 2324 gratiamque
1234 2251 1404 2325 illam,
1438 2253 1505 2310 de
1547 2271 1659 2325 qua
1690 2253 2027 2326 suavissime,

243 2349 558 2422 plenissime
586 2350 825 2422 quodam
851 2351 912 2406 in
940 2350 1214 2422 prooemio
1243 2351 1527 2423 scripsisti,
1550 2369 1585 2407 a
1604 2368 1715 2423 qua
1733 2355 1792 2408 te
1814 2351 2033 2408 deflecti

243 2465 353 2504 non
397 2448 572 2519 magis
616 2448 861 2521 potuisse
905 2447 1253 2505 demonstras
1294 2466 1462 2521 quam
1505 2448 1803 2505 Herculem
1850 2448 2031 2506 Xeno-

241 2545 537 2619 phontium
563 2545 724 2602 illum
750 2565 783 2600 a
809 2544 1131 2618 Voluptate,
1163 2563 1301 2618 eam,
1325 2547 1375 2603 si
1402 2564 1491 2604 me
1520 2547 1625 2604 tibi
1651 2547 2031 2604 vehementius

243 2641 665 2714 commendabit,
709 2659 780 2699 ne
820 2660 1122 2715 aspernere,
1157 2643 1439 2716 amorique
1488 2648 1678 2700 nostro
1720 2643 2032 2716 plusculum

242 2741 414 2797 etiam
455 2757 622 2811 quam
663 2739 924 2797 concedet
965 2741 1170 2798 veritas
1213 2740 1461 2813 largiare.
1550 2740 1714 2811 Quod
1753 2741 1803 2797 si
1842 2745 1901 2798 te
1940 2741 2031 2798 ad-

241 2838 506 2895 ducemus
568 2842 634 2893 ut
692 2837 797 2894 hoc
850 2839 1130 2911 suscipias,
1190 2839 1313 2913 erit,
1381 2847 1447 2895 ut
1509 2839 1648 2894 mihi
1710 2838 2026 2912 persuadeo,

241 2935 502 2992 materies
542 2934 710 3006 digna
749 2935 1018 2994 facultate
1059 2941 1117 2994 et
1159 2937 1315 3010 copia
1355 2940 1467 2994 tua.
1573 2936 1626 2995 4.
1670 2935 1727 2993 A
1767 2937 2031 3009 principio

241 3034 389 3090 enim
438 3033 826 3090 coniurationis
873 3052 1050 3106 usque
1097 3034 1170 3092 ad
1217 3035 1461 3092 reditum
1510 3039 1762 3091 nostrum
1808 3033 2033 3091 videtur

240 3129 380 3186 mihi
407 3129 683 3186 modicum
726 3131 1006 3202 quoddam
1046 3149 1241 3204 corpus
1282 3131 1475 3188 confici
1514 3149 1689 3204 posse,
1722 3131 1781 3187 in
1825 3150 1933 3204 quo
1974 3137 2032 3188 et

240 3227 339 3283 illa
365 3228 574 3300 poteris
614 3229 702 3284 uti
743 3229 991 3286 civilium
1034 3229 1530 3286 commutationum
1572 3230 1803 3287 scientia
1842 3229 1932 3287 vel
1971 3230 2030 3286 in
