2434 3734
752 272 936 323 LXXI.
975 262 1144 341 (ATT.
1183 273 1322 324 xlv.
1364 262 1450 341 10)
1552 287 1599 313 ο·
1898 276 1989 323 113

206 428 500 499 intellexit,
533 428 680 485 idem
716 445 930 501 semper
957 433 1121 502 putat
1161 446 1261 485 nec
1300 427 1454 485 videt
1480 429 1681 501 quibus
1708 428 1991 501 praesidiis

207 510 582 598 philosophiae
609 529 833 597 saeptus
861 525 981 597 sim,
1015 529 1073 581 et
1100 524 1298 597 hercle,
1318 524 1464 597 quod
1493 525 1721 582 timidus
1748 526 1865 597 ipse
1886 530 1988 598 est,

209 617 605 696 θορυβοποιεῖ..
680 622 799 694 Ego
832 626 1018 679 tamen
1055 621 1289 679 Antonii
1328 622 1695 679 inveteratam
1730 604 1848 678 sine
1880 621 1995 678 ulla

207 720 503 776 offensione
549 718 852 775 amicitiam
901 719 1134 776 retinere
1183 736 1315 776 sane
1361 718 1488 776 volo
1534 719 1875 791 scribamque
1924 718 1993 774 ad

206 836 349 889 eum,
383 816 478 873 sed
505 834 614 873 non
643 821 772 873 ante
799 834 966 889 quam
995 820 1054 873 te
1091 816 1293 875 videro,
1381 817 1437 873 N
1440 834 1499 873 ec
1529 821 1715 873 tamen
1742 822 1800 873 te
1826 834 1995 873 avoco

207 934 243 971 a
275 913 619 987 syngrapha:
663 909 806 988 γόνυ
849 910 1077 987 κνήμης.
1166 912 1303 970 Cras
1344 918 1599 986 exspecto
1641 912 1891 985 Leptam,
1924 911 1993 968 ad

208 1014 364 1071 cuius
385 1017 568 1069 rutam
589 1012 772 1084 puleio
792 1011 931 1069 mihi
960 1012 1046 1068 tui
1064 1012 1329 1069 sermonis
1357 1012 1628 1069 utendum
1648 1017 1747 1070 est.
1834 1010 1991 1069 Vale.

470 1291 679 1359 LXXI.
727 1302 825 1359 ΤΟ
868 1300 1204 1359 ATTICUS
1250 1298 1414 1378 (A‘r'r.
1458 1318 1581 1358 XIV.
1628 1299 1726 1379 10)

297 1458 759 1515 PU'PEOLANUM,
801 1458 991 1507 A.U.c.
1034 1456 1163 1517 71o;
1207 1458 1326 1506 Rc,
1368 1459 1462 1517 443
1508 1458 1647 1506 ΑΕΤ.
1689 1458 1807 1506 010.
1848 1459 1909 1505 62

291 1599 518 1656 Queritur
554 1598 615 1644 de
657 1598 800 1645 rebus
842 1599 953 1658 post
999 1598 1210 1645 Caesaris
1257 1597 1448 1645 caedem
1486 1598 1627 1645 factis
1670 1600 1719 1645 et
1762 1599 1995 1645 adseculis

211 1678 422 1727 Caesaris
455 1675 832 1733 dominantibus,
870 1676 930 1721 de
968 1676 1184 1741 aduentu
1223 1675 1409 1723 Octavii
1447 1675 1718 1737 Neapolim,
1761 1677 1821 1723 de
1853 1676 1997 1724 rebus

208 1752 410 1814 privatis
433 1768 488 1800 ac
510 1753 794 1810 domesticis,
821 1753 880 1799 de
904 1753 958 1811 Q.
981 1753 1132 1813 patris
1155 1751 1333 1800 litteris
1355 1753 1415 1800 de
1436 1753 1549 1801 filio.

315 1894 365 1952 1.
411 1892 574 1950 Itane
622 1894 789 1950 vero?
872 1893 994 1949 Hoc
1041 1910 1196 1950 meus
1244 1898 1303 1949 et
1352 1897 1482 1949 tuus
1525 1894 1732 1950 Brutus
1776 1895 1890 1965 egit
1930 1900 1996 1950 ut

209 1992 449 2049 Lanuvii
497 1992 684 2048 esset?
735 1995 802 2047 ut
850 1990 1152 2047 Trebonius
1201 1991 1493 2048 itineribus
1539 1992 1712 2049 deviis
1760 1992 1996 2064 proficis—

209 2092 422 2145 ceretur
468 2087 527 2143 in
575 2086 950 2159 provinciam?
987 2091 1055 2143 ut
1102 2087 1287 2143 omnia
1340 2087 1505 2159 facta,
1556 2089 1773 2160 scripta,
1828 2088 1991 2163 dicta,

207 2186 490 2259 promissa,
535 2185 777 2257 cogitata
818 2184 1066 2241 Caesaris
1115 2184 1240 2256 plus
1288 2184 1536 2242 valerent
1584 2202 1751 2257 quam
1791 2186 1839 2242 si
1879 2185 1997 2259 ipse

209 2284 458 2340 viveret?
539 2281 917 2339 Meministine
945 2299 1034 2338 me
1055 2280 1291 2338 clamare
1317 2281 1414 2338 illo
1441 2282 1560 2353 ipso
1580 2283 1757 2355 primo
1776 2282 1995 2356 Capito-

209 2381 322 2437 lino
369 2380 458 2437 die
501 2385 756 2437 senatum
800 2381 858 2435 in
906 2379 1246 2451 Capitolium
1288 2398 1321 2435 a
1364 2380 1707 2452 praetoribus
1748 2386 1995 2453 oportere

209 2478 430 2535 vocari‘l
507 2476 586 2533 Di
613 2476 985 2534 immortales!
1027 2494 1169 2549 quae
1197 2482 1321 2533 tum
1349 2494 1511 2549 opera
1538 2477 1677 2534 effici
1696 2482 1995 2549 potuerunt

208 2572 546 2630 laetantibus
569 2572 822 2629 omnibus
851 2573 1022 2645 bonis,
1050 2573 1220 2629 etiam
1248 2578 1335 2630 sat
1361 2573 1538 2647 bonis,
1558 2573 1748 2629 fractis
1775 2572 1995 2631 latroni-

209 2670 312 2727 bus
336 2672 348 2728 !
431 2669 706 2726 Liberalia
733 2675 800 2726 tu
827 2675 1063 2728 accusas.
1152 2669 1300 2740 Quid
1328 2670 1445 2727 fieri
1474 2675 1595 2726 tum
1623 2670 1845 2743 potuit?
1882 2671 1995 2727 iam

208 2766 421 2839 pridem
475 2766 824 2838 perieramus.
928 2766 1310 2823 Meministine
1369 2771 1428 2823 te
1487 2765 1721 2823 clamare
1776 2784 1995 2824 causam

205 2863 426 2937 perisse,
473 2863 522 2919 si
568 2863 758 2920 funere
806 2862 984 2920 elatus
1033 2863 1214 2920 esset?
1295 2862 1377 2918 At
1423 2862 1517 2919 ille
1564 2864 1733 2919 etiam
1780 2864 1837 2920 in
1878 2864 1996 2922 foro

205 2961 529 3019 combustus
569 2961 939 3034 laudatusque
971 2960 1360 3018 miserabiliter
1396 2960 1648 3032 servique
1680 2964 1738 3018 et
1774 2966 1995 3032 egentes

204 3059 264 3115 in
299 3063 450 3115 tecta
489 3063 680 3114 nostra
720 3076 844 3114 cum
886 3057 1096 3114 facibus
1138 3056 1386 3114 immissi.
1477 3053 1629 3125 Quae
1657 3056 1892 3115 deinde?
1930 3062 1995 3115 ut

205 3154 448 3213 audeant
476 3154 668 3227 dicere,
703 3158 718 3187 ‘
737 3159 870 3211 tune
908 3159 1098 3211 contra
1126 3154 1377 3211 Caesaris
1405 3158 1605 3210 nutum
1622 3153 1643 3210 ’ἓ
1658 3153 1673 3179 ’
1757 3154 1911 3211 Haec
1936 3160 1995 3211 et

206 3251 320 3309 alia
340 3252 479 3308 ferre
507 3270 616 3308 non
645 3268 882 3323 possum.
970 3250 1169 3323 Itaque
1198 3250 1311 3329 γῆν
1337 3248 1447 3325 πρὸ
1478 3250 1583 3327 γῆς
1604 3251 1795 3323 cogito·
1876 3251 1996 3308 Tua

1082 3373 1105 3413 1
