2434 3734
1754 185 1765 210 .

843 259 966 310 vn.
1005 243 1176 328 (Arr.
1217 257 1287 308 11.
1330 245 1419 326 11)
1965 259 2023 308 11

238 420 438 468 summis
461 417 636 469 ‚adficit
667 417 906 474 laudibus,
931 415 1175 464 Herodem
1207 415 1479 476 vituperat:
1516 414 1688 462 deindo
1727 415 1787 462 do
1819 414 2029 462 adventu

239 498 442 546 Antonii
465 497 650 558 quaerit
673 499 723 544 et
745 496 982 554 Atticum,
1011 497 1066 542 ut
1083 493 1237 555 pridie
1258 493 1369 542 Kal.
1394 507 1556 541 secum
1577 495 1656 552 eit,
1684 495 1835 554 rogat.

327 629 377 688 1.
425 627 586 699 Oura,
651 626 849 684 amabo
908 630 982 698 te,
1048 623 1371 682 Ciceronem
1424 627 1691 681 nostrum.
1798 623 1869 680 Ei
1928 641 2029 680 noe

237 727 544 783 συννοσεῖν
564 725 830 782 videmur.
918 724 970 782 2.
1014 719 1401 797 Πελληναίων
1420 723 1479 779 in
1500 720 1754 778 manibus
1774 720 2031 777 tenebam

239 830 298 882 et
325 822 546 880 hercule
573 839 838 894 magnum
865 838 1122 879 acervum
1149 819 1477 878 Dicaearchi
1517 817 1657 875 mihi
1696 823 1827 875 ante
1866 817 2033 890 pedes

239 926 634 979 exsti-uxerem.
709 918 758 976 O
780 935 1043 990 magnum
1071 917 1385 975 hominem!
1422 919 1481 973 et
1507 915 1654 972 unde
1675 913 1854 972 multo
1874 913 2033 986 plura

241 1003 498 1076 didiceris
550 1006 726 1091 quam·
774 1016 843 1073 de
897 1015 1148 1073 Procilio.
1230 1009 1551 1088 Κορινθίων
1605 1016 1663 1070 ot
1716 1007 2034 1086 Ἀθηναίων

239 1121 380 1191 puto
405 1133 496 1172 me
524 1114 734 1171 Romae
759 1112 976 1172 habere.
1064 1112 1210 1169 Mihi
1247 1111 1419 1183 crede,
1451 1111 1499 1168 si
1530 1109 1679 1183 leges
1706 1109 1856 1182 haec,
1886 1109 2034 1166 dices

247 1220 262 1248 ‘
279 1214 550 1273 mirabilis
576 1214 664 1270 vir
691 1213 812 1270 eet)
888 1207 1165 1287 Ἡρώδης,
1197 1213 1247 1270 si
1287 1213 1451 1270 homo
1490 1216 1651 1285 esset,
1682 1229 1808 1268 eum
1849 1212 2035 1285 potius

243 1313 451 1384 legeret
492 1327 659 1382 quam
701 1327 869 1366 unam
909 1309 1156 1367 litteram
1205 1309 1503 1368 scriberet:
1544 1309 1641 1382 qui
1679 1327 1766 1366 me
1798 1309 2036 1382 epistula

244 1409 462 1482 petivit,
496 1406 567 1463 ad
607 1411 680 1478 te,
713 1411 779 1463 ut
819 1406 996 1479 vide0‚
1034 1407 1339 1464 comminue
1380 1407 1621 1464 accessit.
1710 1404 2035 1464 Coniurasse

245 1505 469 1564 mallem
498 1521 666 1577 quam
693 1503 960 1560 restitisse
989 1504 1370 1575 coniurationi,
1395 1504 1443 1561 ei
1468 1503 1629 1560 illum
1656 1503 1795 1559 mihi
1816 1503 2034 1561 audien-

245 1604 380 1660 dum
422 1607 720 1675 putassem.
810 1601 861 1659 3.
906 1601 996 1658 De
1037 1601 1233 1674 Lollio,
1280 1620 1447 1658 sanus
1485 1619 1596 1658 non
1636 1619 1729 1660 ee:
1779 1601 1847 1658 de
1886 1602 2032 1671 vino,

245 1701 427 1757 laudo,
517 1698 626 1756 Sed
653 1698 791 1755 heus
820 1703 899 1770 tu,
934 1699 1128 1770 ecquid
1156 1699 1313 1756 vides
1340 1699 1470 1757 Kal.
1504 1699 1703 1770 venire,
1727 1699 2034 1756 Antonium

245 1816 357 1854 non
406 1796 632 1854 venire?
693 1795 898 1852 iudices
947 1795 1104 1867 cogi?
1193 1797 1344 1853 Nam
1398 1797 1479 1853 ita
1526 1795 1597 1852 ad
1645 1813 1733 1853 me
1780 1796 2031 1869 mittunt,

248 1893 540 1967 Nigidium
562 1894 760 1950 minari
786 1894 846 1950 in
874 1894 1126 1950 contione
1155 1911 1212 1951 se
1240 1894 1494 1965 iudicem,
1520 1894 1615 1966 qui
1641 1911 1751 1948 non
1779 1892 2033 1963 adfuerit,

246 1991 721 2066 compellaturum.
807 1990 993 2048 Velim
1041 1995 1245 2064 tamen,
1287 1992 1335 2047 ei
1383 1991 1518 2064 quid
1564 1994 1651 2047 est
1696 1971 1784 2046 de*
1805 1989 2037 2046 Antonii

247 2091 494 2148 adventu
538 2088 686 2162 quod
729 2087 983 2160 audieris),
1016 2087 1224 2145 scribae
1260 2087 1331 2144 ad
1374 2071 1463 2144 me
1508 2092 1579 2158 et,
1628 2087 1887 2160 quoniam
1930 2086 2037 2144 huc

247 2205 358 2244 non
386 2186 557 2256 venie,
591 2203 746 2242 cenes
775 2184 922 2257 apud
948 2202 1048 2241 nos
1075 2185 1271 2256 utique
1295 2184 1469 2257 pridie
1492 2182 1620 2240 Kal.
1707 2183 1857 2241 Cave
1878 2183 2039 2241 aliter

248 2287 432 2344 facias.
521 2279 670 2341 Oura
694 2288 762 2340 ut
788 2282 996 2346 valeas.¹

399 2583 534 2640 VII.
581 2581 680 2638 TO
723 2581 1081 2651 ATTICUS,
1119 2598 1189 2639 m
1230 2583 1413 2641 Rom:
1456 2581 1625 2664 (A'r'r.
1666 2599 1732 2642 11.
1779 2579 1882 2652 11)

419 2741 729 2836 FORM132E,
767 2741 960 2790 A.U.c.
1002 2742 1130 2801 6953
1181 2743 1291 2790 Re.
1328 2743 1426 2802 593
1471 2744 1611 2791 AET.
1654 2742 1769 2791 (ΠΟ.
1814 2741 1874 2794 47

314 2883 382 2932 Μ.
407 2883 571 2930 Cicero
604 2882 770 2929 Attico
803 2882 971 2929 scribit
1003 2896 1054 2929 ee
1086 2883 1139 2929 in
1171 2883 1427 2930 Formiano
1460 2883 1583 2929 nihil
1605 2884 1703 2929 fere
1725 2883 1843 2942 quid
1866 2884 2041 2931 Romae

250 2963 335 3009 fiat
357 2961 586 3020 accipere,
615 2963 750 3019 rogat
772 2963 830 3007 ut
861 2974 1025 3020 puero,
1054 2975 1196 3021 quem
1228 2961 1425 3018 miserit,
1455 2961 1769 3019 ponderosam
1792 2962 2042 3020 epistolam

250 3040 346 3095 det,
366 3039 529 3098 ipsum
551 3051 580 3083 a
602 3051 652 3083 se
674 3037 726 3083 in
749 3037 1004 3084 Formiano
1027 3052 1178 3098 usque
1200 3038 1264 3084 ad
1286 3038 1409 3097 prid.
1442 3037 1604 3084 Nonas
1623 3037 1735 3085 Mai.
1757 3041 2037 3101 exspectari,

249 3118 490 3177 Arpinum
514 3129 610 3162 non
633 3130 771 3175 posse
795 3117 1003 3164 invitari.

335 3249 386 3306 1.
435 3247 618 3304 Narro
661 3248 802 3306 tibi:
863 3247 1027 3321 plane
1082 3247 1359 3320 relegatus
1406 3246 1545 3304 mihi
1593 3248 1801 3320 videor,
1852 3255 2043 3322 postea
