2434 3734
405 240 468 294 70
958 242 1199 292 XXXIX.
1238 229 1409 311 (A‘rr.
1449 242 1539 292 v1.
1581 231 1636 312 9)

409 428 412 432 ’
503 470 784 529 XXXIX.
832 470 928 527 'ro
972 468 1328 539 Armcus,
1374 485 1443 525 m
1486 470 1664 527 Rom
1708 466 1876 547 (Am.
1922 486 2007 527 v1.
2056 468 2123 547 9)

578 640 851 697 ATHENS,
887 639 1077 687 A.U.O.
1120 637 1250 700 7043
1296 638 1412 687 B.0.
1456 638 1551 696 503
1597 639 1739 687 AET.
1781 639 1900 687 010.
1942 639 2006 687 56

447 852 458 865 ·
489 795 554 843 M.
585 794 749 841 Cicero
782 793 948 841 Attico
983 793 1149 842 scribit
1185 807 1236 839 se
1272 794 1374 840 eius
1408 793 1595 840 litteras
1630 793 1692 839 ab
1731 792 1909 841 Acasto
1943 808 2079 842 servo
2114 808 2205 842 suo

407 872 657 932 accepisse,
681 868 714 918 'e
746 872 920 932 quibus
954 873 1203 929 cognosset
1237 884 1347 917 eum
1380 870 1665 918 febriculam
1692 870 1883 928 habere,
1926 885 1978 919 se
2010 886 2204 932 sperare

405 950 502 997 iam
528 950 698 997 melius
721 950 766 996 ei
799 963 900 997 esse
930 950 1114 996 factum
1135 965 1148 996 ε
1183 950 1245 995 de
1275 962 1328 995 re
1360 962 1449 995 sua
1480 949 1721 1008 familiari,
1750 949 1812 997 de
1832 950 1889 1007 Q.
1918 951 2068 997 fratre
2088 964 2201 1011 pro-

406 1028 587 1074 vinciae
608 1041 705 1073 non
727 1026 982 1087 praefecto,
1013 1026 1072 1073 de
1094 1026 1366 1072 litterarum
1390 1026 1686 1073 commercio.

512 1180 562 1238 1.
608 1179 678 1235 In
705 1178 933 1235 Piraeea
961 1196 1086 1235 cum
1114 1178 1349 1235 exissem
1391 1177 1567 1250 pridie
1597 1177 1734 1235 Idus
1765 1179 1986 1238 Octobr.
2015 1183 2203 1253 accepi

407 1277 480 1335 ab
520 1277 742 1349 Acasto,
774 1293 933 1333 servo
973 1293 1111 1347 mec,
1144 1276 1340 1332 statim
1373 1280 1501 1333 tuas
1542 1274 1774 1347 litterae,
1808 1294 1947 1349 quas
1974 1278 2200 1350 quidem

409 1391 535 1430 cum
590 1376 991 1445 exspectassem
1055 1372 1168 1429 iam
1224 1372 1337 1443 diu,
1396 1372 1703 1429 admiratus
1763 1392 1902 1445 sum,
1962 1380 2029 1431 ut
2082 1376 2203 1432 vidi

409 1470 756 1541 obsignatam
784 1468 1094 1541 epistolam,
1138 1469 1475 1527 brevitatem
1504 1470 1639 1542 eius,
1670 1475 1736 1528 ut
1772 1472 1977 1544 aperui,
2010 1490 2200 1529 rursus

409 1564 704 1644 σύγχυσιν
741 1564 1131 1636 litterularum,
1164 1566 1297 1637 quia
1322 1565 1505 1622 solent
1544 1570 1675 1623 tuae
1706 1568 2198 1640 compffltmmoe

410 1669 469 1721 et
495 1663 828 1720 clarissimae
854 1680 987 1733 esse,
1019 1680 1098 1734 ac,
1132 1680 1201 1719 ne
1229 1662 1424 1736 multa,
1458 1663 1691 1736 cognovi
1718 1681 1789 1721 ex
1815 1682 1895 1736 e0,
1929 1665 2075 1738 quod
2116 1666 2201 1723 ita

411 1761 719 1833 scripseras,
752 1764 810 1817 te
839 1759 1075 1816 Romam
1103 1760 1321 1818 venisse
1346 1777 1394 1818 a.
1428 1760 1480 1817 d.
1514 1775 1623 1817 ΧΠ.
1658 1760 1787 1819 Kal.
1821 1760 2043 1820 Octobr.
2076 1780 2205 1820 cum

410 1858 566 1916 febri.
653 1857 954 1915 Percussus
1008 1857 1362 1915 vehementer
1426 1876 1526 1915 nec
1579 1860 1757 1931 magis
1811 1877 1979 1932 quam
2033 1859 2205 1917 debui

411 1956 606 2014 statim
647 1974 850 2030 quaero
886 1974 956 2013 ex
995 1956 1216 2013 Aceste.
1305 1955 1411 2012 Ille
1451 1959 1511 2013 et
1552 1955 1659 2013 tibi
1699 1959 1759 2013 et
1798 1956 1905 2013 sibi
1932 1956 2117 2014 visum
2143 1964 2205 2015 et

412 2056 496 2111 ita
534 2072 593 2111 se
626 2054 776 2111 domi
819 2071 889 2110 ex
931 2054 1044 2110 tuis
1085 2054 1321 2125 audisse,
1352 2058 1420 2109 ut
1464 2053 1605 2109 nihil
1648 2057 1796 2111 esset
1838 2054 2198 2115 incommode.

413 2152 486 2209 Id
511 2152 807 2209 videbatur
826 2151 1142 2225 approbare,
1168 2150 1317 2225 quod
1346 2155 1467 2208 erat
1494 2151 1553 2206 in
1581 2155 1844 2224 extremO,
1877 2150 2203 2209 febriculam

413 2255 538 2307 tum
558 2254 616 2306 te
643 2249 938 2306 habentem
960 2249 1256 2321 scripsisse.
1330 2247 1442 2305 Sed
1470 2252 1528 2306 te
1548 2249 1735 2305 amavi
1760 2253 1949 2306 tamen
1970 2248 2204 2306 admira-

414 2352 615 2419 tusque
642 2364 782 2418 sum,
813 2346 962 2417 quod
1002 2344 1177 2402 nihilo
1217 2345 1403 2401 minus
1444 2344 1517 2401 ad
1558 2362 1647 2402 me
1689 2349 1791 2401 tua
1831 2362 2000 2401 manu
2037 2346 2206 2417 scrip-

413 2446 592 2506 sisses.
680 2442 803 2513 Qua
847 2460 908 2499 re
955 2442 1024 2499 de
1079 2443 1183 2500 hoc
1231 2443 1384 2500 satis.
1471 2441 1644 2515 Spero
1697 2442 1860 2513 enim,
1914 2460 2055 2515 quae
2103 2447 2207 2499 tua

413 2540 709 2616 prudentia
748 2544 808 2597 et
850 2540 1216 2613 temperantia
1259 2542 1360 2612 est,
1409 2543 1467 2596 et
1514 2538 1749 2612 hercule,
1797 2544 1864 2597 ut
1909 2556 1999 2596 me
2045 2540 2207 2597 iubet

414 2640 667 2711 Acastus,
699 2636 912 2694 confido
952 2640 1010 2693 te
1050 2636 1161 2692 iam
1200 2640 1269 2692 ut
1309 2635 1563 2692 volumus
1603 2635 1800 2694 valere.
1888 2635 1941 2694 2.
1987 2636 2043 2694 A
2069 2637 2206 2694 Tur-

415 2737 567 2794 ranio
609 2740 666 2792 te
693 2734 964 2807 accepisse
989 2734 1141 2791 meas
1181 2733 1401 2790 litteras
1428 2732 1657 2805 gaudeo.
1744 2730 2199 2810 Παραφύλαξον,

415 2836 462 2893 si
517 2853 606 2892 me
658 2852 825 2905 amaS,
877 2828 984 2905 τὴν
1038 2828 1142 2888 τοῦ
1192 2826 1450 2905 φυρατοῦ
1505 2826 1845 2905 φιλότιμίαν
1894 2826 2197 2891 αὖτότατα.

417 2915 581 2988 Hanc
628 2947 768 3003 quae
820 2928 1130 2986 mehercule
1179 2928 1318 2983 mihi
1372 2945 1573 2999 magno
1620 2927 1797 2983 dolori
1850 2928 2203 2986 est—dilexi

415 3029 562 3085 enim
589 3027 1194 3099 hominem—procura,
1216 3023 1720 3097 quantulacumque
1742 3029 1842 3095 est,
1879 3023 2202 3081 Precianam

415 3124 778 3181 hereditatem
834 3141 1053 3196 prorsus
1110 3121 1204 3178 ille
1260 3138 1329 3178 ne
1384 3121 1643 3192 attingat.
1730 3120 1898 3177 Dices
1946 3139 2199 3179 nummos

415 3221 556 3277 mihi
609 3239 744 3293 opus
799 3238 916 3279 esse
971 3219 1042 3276 ad
1109 3222 1439 3292 apparatum
1494 3217 1777 3289 triumphi,
1837 3220 1897 3274 in
1952 3237 2076 3291 que,
2133 3223 2200 3276 ut
