2434 3734
528 1879 538 1888 ⁸
527 1635 538 1645 ο
477 1267 526 1524 conjecture
477 1038 527 1249 accepted
477 975 517 1020 in
478 833 538 956 Text,
502 565 543 740 Author
503 499 542 549 of

529 3147 578 3227 Ep,
527 2697 567 2787 MS.
527 2468 579 2675 Reading.
527 2009 578 2241 Generally
527 1789 569 1990 received
527 1557 578 1772 Readmg.
538 1463 567 1510 m·
527 848 617 1448 τωοτᾱιῗηωῆίέιωεὲψνοδαὸωπ
552 483 604 752 conjecture·

693 1567 704 3378 ——-————————————.——————-
694 439 703 1533 ψ*-

771 3206 820 3345 xxix.
773 3147 818 3177 2
771 2884 817 2947 ad
773 2811 818 2862 te
770 2611 819 2788 statim
785 1475 818 1504 a
775 1401 818 1454 te
769 1206 818 1380 statim
766 690 820 782 Ed.

851 3226 885 3343 xxx.
838 3167 883 3195 3
833 2801 898 2947 plura
834 2503 884 2779 scribebam
832 1241 898 1504 epistolam
833 1003 884 1219 sciebam
835 495 884 780 Gronovius

900 3188 949 3345 xxxii.
903 3131 948 3156 1
899 2680 962 2946 superioris
902 2526 961 2658 quod
899 2369 949 2504 idem
899 1940 965 2227 superiores.
899 1721 960 1866 Quod
898 1566 948 1700 idem
898 896 1012 1504 superioaiqgluadriennii
917 863 960 876 ;
898 689 948 782 Ed.

978 1307 1012 1372 uo
978 1230 1012 1249 1
979 1115 1013 1195 em

1044 3190 1078 3342 xxxv.
1031 3098 1079 3155 17
1027 2791 1076 2946 Onus.
1064 2739 1077 2750 .
1063 2683 1076 2694 .
1064 2631 1075 2641 .
1028 2473 1078 2588 Cos.
979 1372 1078 1506 Cos}1
1064 1337 1077 1349 .
1065 1282 1078 1295 .
1063 1230 1076 1242 .
1027 1036 1078 1193 Onus.
1063 712 1088 748 ‚,

1093 3155 1142 3343 xxxvii.
1096 3093 1140 3122 2
1093 2591 1154 2946 κληρονομήσας
1095 1153 1155 1504 κληρονομῆσαι
1130 713 1154 747 ,,

1155 3253 1206 3343 xli.
1160 3195 1205 3221 1
1156 2686 1221 2946 praesidiis
1156 1287 1222 1503 praediis
1155 628 1206 779 Klotz

1223 3257 1272 3347 xli.
1227 3196 1271 3224 4
1222 2864 1271 2945 sin
1228 2673 1271 2842 autem
1222 2497 1271 2649 etiam
1222 2147 1272 2227 sin
1238 2023 1288 2123 pax
1227 1909 1273 2001 aut
1224 1737 1273 1888 etiam
1223 1423 1271 1504 sin
1226 1310 1271 1400 aut
1222 1129 1271 1292 otium
1226 1023 1277 1112 aut
1222 854 1273 1005 etiam
1222 601 1271 780 Purser

1286 3235 1336 3344 xlii.
1291 3178 1335 3202 1
1302 2729 1351 2944 quorum
1302 2616 1351 2706 ego
1302 1286 1351 1502 quorum
1302 1148 1351 1263 ergo
1287 603 1336 780 Bosius

1352 3222 1401 3344 ibid.
1352 2771 1400 2945 inanes
1352 1439 1400 1504 ad
1352 1241 1401 1416 Nonas
1352 1044 1401 1220 inanes
1352 649 1401 781 Boot

1416 3224 1465 3346 ibid.
1416 2704 1464 2946 itinerum
1419 1901 1467 2226 Attianarum
1416 1155 1480 1504 Appianarum
1416 719 1465 780 Li
1417 581 1466 660 ius

1492 3431 1501 3438 ·
1480 3218 1529 3345 xliii.
1484 3157 1529 3185 3
1480 2719 1529 2946 Gnaeum
1480 2630 1529 2702 ire
1480 2539 1529 2622 Br.
1480 2279 1531 2530 desertum
1480 2192 1535 2226 †
1481 1922 1531 2171 desertum
1481 1277 1594 1505 Οιηεὲιιω
1481 1211 1530 1268 Β.
1481 1101 1541 1191 ire,
1480 932 1532 1080 Dom.
1484 849 1530 910 iri
1481 737 1530 778 E
1518 687 1529 698 .

1549 1151 1595 1371 esertum

1609 3223 1659 3345 xliv.
1613 3164 1657 3188 1
1608 2767 1658 2948 certior
1610 1277 1659 1503 cerritior
1610 599 1659 778 Bosius

1674 3225 1723 3347 ibid.
1677 2835 1721 2947 tum
1688 2697 1721 2812 eum
1673 2577 1723 2674 isse
1675 1276 1724 1502 timuisse
1674 686 1724 779 Ed.

1739 3225 1787 3346 ibid.
1737 2860 1787 2948 sed
1753 2676 1786 2838 meam
1753 2493 1788 2651 mans.
1739 1415 1788 1504 sed
1755 1330 1789 1394 en
1755 1146 1789 1307 meam
1754 964 1791 1119 mans-
1776 713 1799 748 ,‚

1802 3228 1852 3346 xliv.
1807 3167 1851 3197 2
1808 2735 1866 2946 exspect.
1802 2406 1853 2704 Corfiniensi
1808 1289 1868 1503 exspect.
1807 1156 1853 1276 dere
1804 849 1853 1146 Corfiniensi
1804 599 1853 780 Purser

1866 3242 1917 3345 xlv.
1870 3183 1916 3210 3
1886 2565 1923 2944 &CMGNJCTON
1870 1939 1929 2226 ἀσμένιστον
1871 1215 1927 1502 ἀσμενιστὸν
1868 686 1919 779 Ed.

1932 3221 1981 3345 ibid.
1932 2839 1981 2946 vita
1946 2654 1981 2815 mores
1937 1325 1982 1503 vetant
1948 1141 1983 1304 mores
1933 647 1983 778 Boot

1996 3224 2045 3346 xlvi.
1999 3168 2045 3193 1
1997 2760 2073 2947 scripta
2003 2053 2112 2226 afferte
1998 1328 2048 1503 stricta
1997 685 2048 778 Ed.

2060 3227 2111 3347 xlvi.
2064 3167 2109 3196 3
2060 2893 2111 2948 id
2077 2827 2111 2871 si
2077 2701 2111 2804 cras
2072 2533 2081 2538 “
2063 2209 2111 2226 i
2062 2110 2112 2154 si
2064 1920 2126 2087 ἀκραὲς
2117 1683 2125 1688 ,
2063 1386 2111 1504 inde
2063 1319 2112 1362 si
2065 1126 2125 1296 ἀκραὲς
2062 652 2112 777 Reid

405 251 498 311 civ

885 261 1141 312 CICERO.
1169 262 1247 310 IN
1285 261 1403 310 HIS
1438 260 1735 311 LE'l'rERs
