2434 3734
439 253 468 301 σ
1047 309 1056 318 ,
1093 250 1156 302 V.
1193 239 1364 319 (ATT.
1408 251 1447 302 1.
1488 242 1575 322 17)

438 409 556 465 Tuo
610 408 857 465 adventu
909 409 1070 466 nobis
1137 427 1274 482 opus
1342 414 1428 466 est
1491 415 1744 468 maturo:
1816 429 1945 468 nam
2005 429 2230 485 prorsus

436 524 654 564 summa
707 506 1022 563 hominum·
1062 511 1148 564 est
1204 507 1389 580 opinio
1449 512 1576 564 tuos
1639 507 1954 580 familiareS,
2014 509 2230 567 nobiles

436 605 701 676 homines,
760 604 1098 662 adversarios
1153 605 1348 662 honori
1406 611 1596 663 nostro
1649 606 1779 664 fore.
1893 607 1984 664 Ad
2038 625 2231 664 eorum

434 702 782 761 voluntatem
820 703 959 760 mihi
1000 704 1398 761 conciliandam
1426 705 1668 761 maximo
1710 709 1767 762 te
1793 705 1933 762 mihi
1959 705 2087 762 usui
2113 706 2230 762 fore

436 802 610 859 video,
693 801 818 870 Qua
857 819 916 858 re
957 795 1231 858 Ianuario‘
1260 819 1463 873 mense,
1494 807 1561 858 ut
1602 803 1958 874 constituisti,
1992 821 2125 860 cura
2164 808 2231 859 ut

436 900 645 956 Romae
673 899 763 956 sis.

624 1180 693 1238 V.
741 1180 838 1236 TO
881 1179 1233 1252 ATTIOUS,
1280 1196 1349 1236 m
1392 1180 1623 1236 EPIRus
1666 1177 1832 1257 (ΑΤΤ.
1860 1197 1897 1236 1.
1940 1177 2037 1256 17)

644 1361 840 1420 ΒΟΜΕ,
880 1361 1065 1408 A.U.c.
1108 1361 1237 1420 6933
1284 1361 1401 1408 Rc,
1444 1361 1537 1417 613
1588 1362 1726 1408 AET.
1769 1362 1887 1409 olo.
1932 1362 1991 1410 45

516 1529 583 1576 M.
627 1529 790 1575 Cicero
829 1527 888 1573 de
926 1527 980 1584 Q.
1029 1528 1190 1574 fratris
1229 1527 1487 1575 offensione
1525 1529 1575 1573 et
1608 1527 1857 1594 voluntate
1896 1532 2082 1575 mutata
2122 1545 2233 1590 erga

438 1607 658 1654 Atticum
695 1605 909 1664 exponit,
953 1618 1239 1664 causamque
1278 1604 1380 1650 eius
1416 1605 1487 1650 rei
1524 1605 1679 1663 ipsam
1718 1607 1958 1664 praesenti
1991 1607 2233 1666 colloquio

436 1697 694 1741 reservans,
739 1683 986 1729 adseverat
1019 1682 1078 1728 de
1108 1695 1295 1728 summo
1328 1696 1415 1727 suo
1454 1696 1563 1740 erga
1596 1682 1816 1728 Atticum
1860 1697 2031 1730 amore.
2105 1682 2233 1731 Tum

438 1763 673 1822 significat
711 1763 891 1807 statum
930 1761 999 1806 rei
1043 1761 1263 1819 publicae
1308 1763 1357 1806 et
1402 1759 1609 1806 solutam
1654 1774 1803 1819 paene
1848 1761 2232 1809 coniunctionem

438 1844 630 1887 senatus
675 1842 724 1885 et
768 1837 949 1884 ordinis
993 1838 1259 1897 equestris3
1305 1837 1364 1882 de
1408 1837 1619 1884 consiliis
1656 1838 1755 1883 suis
1803 1840 2116 1898 capessendae
2162 1843 2233 1888 rei

437 1919 671 1978 publicae,
695 1917 755 1962 de
778 1916 967 1962 Lucceii
1000 1915 1298 1974 aliorumque
1320 1915 1554 1974 petitione
1577 1915 1867 1963 consulatus.

563 2084 613 2142 1.
660 2083 868 2155 Magna
907 2081 1046 2137 mihi
1085 2081 1326 2150 varietas
1379 2079 1687 2135 voluntatis
1728 2083 1786 2136 et
1840 2079 2234 2138 dissimilitudo

439 2179 709 2254 opinionis
736 2196 800 2234 ac
826 2177 1014 2235 iudicii
1051 2176 1248 2246 Quinti
1282 2175 1471 2232 fratris
1499 2175 1607 2232 mei
1635 2175 2011 2233 demonstrata
2037 2181 2125 2233 est
2164 2196 2235 2234 ex

438 2278 641 2335 litteris
681 2278 809 2348 tuis,
841 2277 898 2332 in
940 2275 1142 2348 quibus
1169 2274 1242 2330 ad
1282 2292 1370 2331 me
1406 2273 1763 2346 epistolarum
1804 2273 1954 2331 illius
1981 2229 2364 2379 exemplff'fi

440 2373 655 2430 misisti.
744 2371 866 2441 Qua
893 2389 960 2428 ex
986 2389 1044 2428 re
1071 2376 1130 2428 et
1156 2369 1411 2427 molestia
1430 2389 1554 2427 sum
1580 2375 1743 2428 tanta
1769 2371 2035 2445 adfectus,
2061 2389 2233 2444 quan·
2262 2372 2285 2460 'J

439 2475 557 2527 tam
596 2469 734 2526 mihi
774 2486 929 2525 meus
969 2455 1122 2524 amor
1175 2485 1431 2523 summus
1477 2485 1607 2540 erga
1644 2471 1943 2540 utrumque
1981 2473 2231 2525 vestrum

440 2567 650 2624 adferre
690 2566 898 2637 debuit,
943 2570 1002 2624 et
1048 2564 1412 2621 admiratione
1450 2563 1713 2636 quidnam
1755 2564 2041 2622 accidisset
2082 2567 2232 2638 quod

440 2665 678 2722 adferret
720 2664 928 2734 Quinto
968 2663 1130 2719 fratri
1168 2679 1291 2719 meo
1324 2667 1423 2719 aut
1464 2662 1816 2719 offensionem
1858 2667 1977 2720 tam
2004 2682 2230 2737 gravem

440 2770 538 2820 aut
579 2761 1063 2820 commutationem
1110 2765 1329 2817 tantam
1368 2760 1691 2818 voluntatis.
1776 2760 1963 2833 Atque
2017 2761 2158 2819 illud
2200 2783 2235 2820 a

441 2879 528 2918 me
568 2861 680 2917 iam
721 2863 850 2916 ante
889 2858 1331 2931 intellegebatur,
1364 2858 1511 2930 quod
1552 2863 1611 2916 te
1651 2876 1867 2932 quoque
1908 2859 2091 2933 ipsum
2124 2862 2234 2918 dis-

442 2959 722 3015 cedentem
749 2975 784 3013 a
819 2956 976 3013 nobis
1013 2956 1277 3028 suspicari
1312 2955 1584 3027 videbam,
1616 2956 1837 3014 subesse
1874 2958 2055 3014 nescio
2098 2960 2234 3031 quid

392 3116 403 3137 ,
438 3054 710 3138 opinionis
750 3052 1126 3110 incommodae
1166 3053 1519 3125 sauciumque
1567 3053 1683 3110 eius
1722 3071 1837 3110 esse
1884 3055 2132 3111 animum
2175 3062 2235 3113 et

270 3125 996 3240 ‚a‘»··insediss8‘‹1uasdam
1017 3149 1231 3207 odiosas
1259 3150 1625 3224 suspiciones3
1667 3152 1869 3223 quibus
1898 3169 1997 3224 ego
2024 3153 2235 3211 mederi

241 3245 249 3250 ”
442 3265 566 3303 cum
594 3264 843 3319 cuperem
865 3251 1029 3304 antea
1054 3265 1214 3319 saepe
1237 3252 1294 3305 et
1319 3248 1701 3305 vehementius
1728 3251 1897 3304 etiam
1918 3254 2045 3322 post
2072 3252 2233 3307 sorti-
