2434 3734
422 271 485 317 36
913 269 1057 319 XIX.
1096 256 1177 337 (Q.
1217 269 1317 320 ΕΒ.
1358 270 1426 319 11.
1468 272 1529 320 10
1566 257 1709 341 [12])

420 421 719 479 honorifica
759 424 922 496 facta,
968 442 1095 480 cum
1136 428 1194 481 te
1234 442 1409 480 unum
1453 424 1698 482 dicerent
1740 425 2100 498 postulationi
2141 426 2203 482 L.

422 519 590 577 Sestii
618 521 829 578 Pansae
850 522 1133 579 restitisse.
1223 521 1473 594 Reliquis
1494 522 1689 579 diebus
1710 524 1757 579 si
1786 523 1921 595 quid
1942 523 2048 580 erit
2064 523 2210 596 quod

421 621 478 674 te
505 618 642 675 scire
683 636 820 691 opus
862 620 952 690 sit,
983 624 1085 676 aut
1125 619 1297 676 etiam
1338 621 1386 676 si
1413 620 1553 676 nihil
1594 621 1714 692 erit,
1748 625 1935 678 tamen
1976 621 2210 678 scribam

420 715 622 773 cotidie
662 716 886 788 aliquid.
975 717 1160 774 Pridie
1203 717 1289 775 Id.
1324 736 1500 790 neque
1542 719 1649 775 tibi
1690 737 1867 791 neque
1909 718 2211 792 Pomponio

419 812 598 871 deer0.
681 815 734 872 4.
781 815 1026 872 Lucretii
1065 820 1323 888 poemata
1362 821 1428 873 ut
1467 816 1662 874 scribis
1707 817 1790 874 ita
1828 822 1977 890 sunt,
2018 817 2211 874 multis

418 910 721 969 luminibus
788 913 1009 985 ingenii,
1082 913 1293 971 multae
1362 919 1553 971 tamen
1622 915 1777 972 artiS.
1906 914 2017 972 Sed
2085 934 2211 973 cum

419 1011 646 1068 veneris.
701 1009 902 1068 Virum
924 1016 982 1068 te
1003 1011 1229 1085 putab0,
1256 1012 1304 1069 si
1334 1011 1589 1070 Sallustii
1612 1012 1977 1086 Empedoclea
1996 1013 2209 1086 legerim

419 1107 695 1166 hominem
723 1127 833 1165 non
860 1109 1082 1182 putab0.

634 1413 798 1471 XIX.
845 1414 941 1471 ΤΟ
987 1413 1361 1487 QUINTUS,
1394 1432 1463 1472 nr
1504 1431 1625 1472 mn
1668 1415 1969 1474 Coun-rar

985 1507 1075 1580 (Q.
1111 1509 1214 1567 ΕΒ.
1261 1525 1325 1566 11.
1379 1509 1452 1566 10
1482 1505 1637 1587 [12])

627 1664 822 1723 ΒΟΜΕ,
858 1665 1043 1713 A.U.C.
1087 1661 1216 1724 7003
1263 1665 1381 1714 B.C.
1422 1666 1523 1724 543
1569 1666 1711 1714 AET.
1753 1667 1870 1714 CIC.
1911 1667 1975 1715 52

510 1806 576 1853 M.
602 1806 765 1853 Cicero
800 1806 856 1864 Q.
885 1806 1024 1853 fratri
1058 1806 1117 1852 de
1149 1806 1455 1866 Commageni
1478 1806 1601 1865 regis
1632 1821 1775 1853 causa
1797 1822 1827 1854 a
1861 1821 1911 1854 se
1946 1810 2053 1854 acta
2076 1809 2127 1854 et
2150 1807 2213 1854 de

423 1883 597 1932 litteris
614 1899 643 1930 a
665 1884 864 1931 Caesare
885 1884 948 1930 ad
969 1898 1020 1930 se
1035 1884 1194 1931 missis
1216 1885 1379 1932 refert.

526 2051 576 2108 1.
625 2050 852 2108 Gaudeo
881 2051 988 2107 tibi
1015 2050 1281 2107 iucundas
1311 2067 1428 2107 esse
1456 2068 1605 2106 meas
1632 2050 1864 2120 litterae,
1896 2069 1995 2108 nec
2022 2056 2213 2110 tamen

423 2149 736 2206 habuissem
783 2148 1058 2205 scribendi
1105 2167 1251 2204 nunc
1296 2148 1518 2220 quidem
1573 2147 1750 2204 ullum
1803 2154 2208 2222 argumentum,

423 2247 531 2302 nisi
586 2251 712 2304 tuas
767 2247 1106 2319 accepissem.
1215 2245 1366 2302 Nam
1419 2245 1596 2318 pridie
1665 2245 1747 2301 Id.
1802 2264 1927 2303 cum
1994 2247 2213 2320 Appius

423 2348 678 2400 senatum
723 2344 1126 2416 infrequentem
1168 2343 1449 2416 coegisset,
1497 2346 1717 2400 tantum
1766 2343 1875 2400 fuit
1913 2343 2102 2416 frigus,
2144 2351 2214 2402 ut

423 2441 629 2514 pipulo,
658 2442 903 2498 convicio
945 2445 1165 2498 coactus
1193 2441 1269 2497 sit
1308 2459 1409 2497 nos
1451 2440 1746 2497 dimittere.
1838 2442 1889 2498 2.
1934 2441 2022 2497 De
2051 2441 2215 2498 Com-

425 2556 669 2611 magenO,
717 2538 864 2610 quod
899 2557 1017 2595 rem
1059 2543 1238 2596 totam
1281 2538 1660 2609 discusseram,
1707 2539 1933 2595 mirifice
1973 2538 2112 2595 mihi
2154 2546 2215 2598 et

423 2655 522 2710 per
563 2653 622 2692 se
665 2641 724 2692 et
777 2655 874 2709 per
929 2636 1297 2707 Pomponium
1354 2635 1638 2692 blanditur
1693 2635 1924 2707 Appius.
2037 2636 2215 2694 Videt

425 2734 587 2805 enim,
619 2733 721 2790 hoc
761 2752 958 2806 genere
998 2732 1217 2790 dicendi
1258 2733 1306 2789 si
1348 2737 1476 2789 utar
1515 2733 1573 2788 in
1604 2733 1814 2800 ceteris,
1847 2731 2214 2791 Februarium

425 2838 668 2896 sterilem
690 2839 957 2896 futurum.
1047 2838 1300 2910 Eumque
1321 2838 1430 2895 lusi
1458 2839 1635 2910 iocose
1662 2839 1812 2908 satis,
1835 2855 2011 2910 neque
2031 2838 2215 2896 solum

424 2936 565 2992 illud
619 2938 825 2994 extorsi
873 2936 1198 3009 oppidulum
1243 2936 1360 2993 eius
1413 2934 1449 2994 Ἰ·
1476 2936 1624 3009 quod
1680 2939 1798 2992 erat
1852 2936 2096 3008 positum
2152 2938 2215 2993 in

427 3033 701 3105 Euphrati
728 3035 1042 3108 Zeugmate,
1069 3033 1103 3092 †
1130 3039 1413 3107 praeterea
1439 3039 1625 3106 togam
1652 3052 1775 3090 sum
1811 3033 1928 3090 eius
1964 3038 2218 3105 praetex-

425 3135 558 3202 tam,
591 3149 758 3203 quam
802 3137 921 3190 erat
963 3132 1196 3206 adeptus
1240 3131 1472 3190 Caesare
1512 3131 1747 3202 consule,
1792 3149 1991 3203 magno
2037 3131 2218 3188 homi-

425 3246 560 3284 num
588 3229 703 3285 risu
737 3229 1041 3288 cavillatus
1131 3231 1182 3289 3.
1236 3233 1250 3260 ‘
1269 3230 1429 3300 Quod
1457 3230 1619 3301 vult,'
1647 3229 1889 3302 inquam,
1926 3231 1941 3258 ‘
1959 3230 2218 3286 renovari
