2434 3734
418 265 482 313 82
981 262 1194 313 van.
1235 249 1404 331 (A'rr.
1444 262 1505 313 x,
1546 250 1631 330 18)

419 423 476 476 te
501 420 738 493 reperire
763 420 860 493 qui
893 418 1032 475 mihi
1071 420 1130 477 id
1171 421 1229 475 in
1270 424 1514 477 mentem
1542 420 1768 477 venerit.
1851 419 1970 492 Ego
1997 423 2202 488 autem,

419 518 550 589 quia
589 518 896 590 scripseras,
933 522 991 575 te
1038 518 1309 589 proficisci
1352 518 1877 590 cogitare—etenim
1924 517 2205 574 audieram

418 613 626 671 nemini
677 614 840 671 aliter
885 613 1210 681 licere,-eo
1258 620 1317 672 te
1369 614 1571 673 habere
1618 615 1923 686 censebam,
1970 619 2028 671 et
2074 615 2205 687 quia

420 712 604 785 pueris
625 712 870 784 diploma
889 729 1214 786 sumpseras.
1289 712 1481 769 Habes
1502 730 1723 769 causam
1744 712 2015 785 opinionis
2032 730 2201 782 meae,

423 812 480 865 et
505 812 692 865 tamen
728 808 894 865 velim
937 809 1073 867 scire
1113 808 1249 881 quid
1291 809 1511 882 cogites,
1541 810 1602 865 in
1634 810 1951 882 primisque,
1982 810 2032 866 si
2072 809 2205 882 quid

422 906 592 963 etiam
619 925 764 963 nunc
793 908 922 963 novi
950 911 1051 965 est.
1135 922 1292 965 xvn.
1326 906 1453 963 Kal.
1482 907 1606 965 Iun.

525 1209 766 1267 XLVII.
808 1208 906 1265 TO
949 1205 1302 1280 ATTIOUS,
1349 1222 1419 1263 m
1461 1207 1640 1264 Bona
1684 1205 1852 1283 (ΑΤΤ.
1898 1223 1959 1265 x.
2010 1203 2109 1284 18)

616 1365 898 1423 Pomrnn,
933 1364 1125 1412 A.U.O.
1168 1361 1299 1423 7053
1342 1363 1454 1412 Bo.
1492 1363 1587 1420 493
1636 1364 1772 1411 Am.
1814 1363 1930 1411 010.
1967 1362 2027 1415 57

506 1505 580 1553 De
601 1508 744 1565 partu
766 1504 966 1563 Tulliae,
996 1504 1056 1551 de
1087 1504 1390 1563 navigatione
1420 1503 1657 1563 impedita
1678 1504 1850 1561 adhuc,
1878 1504 1939 1551 de
1961 1505 2207 1566 custodiis,

427 1582 602 1643 quibus
635 1582 922 1638 adservetur,
953 1581 1108 1628 Attici
1140 1581 1367 1641 epistolas
1400 1583 1661 1641 exspectat,
1690 1582 1895 1628 maxime
1928 1582 1969 1627 si
2002 1582 2118 1642 quid
2150 1582 2213 1628 de

429 1660 692 1721 Hispaniis,
717 1660 777 1707 de
798 1659 964 1716 Balbo,
995 1658 1056 1705 de
1077 1659 1250 1705 misera
1271 1658 1547 1705 condicione
1569 1672 1670 1706 sua.

535 1801 584 1859 1.
630 1799 815 1857 Tullia
840 1817 965 1856 mea
989 1800 1202 1872 peperit
1230 1814 1391 1857 x1111.
1418 1798 1546 1855 Kal.
1573 1798 1693 1855 Iun.
1722 1815 1951 1870 puerum
1975 1794 2213 1873 ἑπταμη-

432 1900 628 1955 νιαῖον.
735 1896 896 1967 Quod
952 1891 1272 1970 εὔτόκησεν,
1321 1901 1407 1953 est
1461 1895 1610 1968 quod
1662 1895 1945 1967 gaudeam.
2053 1895 2215 1965 Quod

431 1996 654 2070 quidem
702 2000 788 2052 est
835 1999 1046 2065 natum,
1105 1992 1540 2066 perimbecillum
1588 1997 1689 2050 est.
1802 1992 1897 2049 Me
1954 1993 2215 2050 mirificae

431 2093 863 2167 tranquillitates
885 2092 1064 2149 adhuc
1091 2096 1392 2149 tenuerunt
1419 2095 1585 2163 atque
1606 2089 1800 2147 maiori
1820 2090 2215 2163 impedimento

431 2194 657 2250 fuerunt
710 2209 876 2264 quam
931 2190 1227 2260 custodiae,
1286 2188 1486 2261 quibus
1540 2188 1812 2245 adservor.
1916 2188 2065 2245 Nam
2118 2187 2217 2244 illa

435 2290 810 2347 Hortensiana
829 2289 1014 2346 omnia
1028 2288 1180 2344 fuere
1199 2287 1452 2344 infantia.
1539 2284 1633 2342 Ita
1652 2285 1751 2342 fiet
1772 2307 1785 2343 ι
1819 2285 1981 2341 homo
2002 2286 2213 2357 nequis-

434 2388 606 2443 simus
647 2404 683 2442 a
724 2384 909 2442 Salvio
949 2384 1149 2441 liberto
1189 2384 1524 2456 depravatus
1565 2386 1663 2439 est.
1752 2382 1950 2453 Itaque
1988 2380 2220 2453 posthac

435 2501 546 2540 non
573 2482 808 2539 scribam
849 2481 920 2538 ad
961 2485 1017 2538 te
1058 2480 1192 2553 quid
1232 2480 1479 2536 facturus
1521 2480 1642 2551 sim,
1675 2478 1772 2535 sed
1799 2478 1934 2551 quid
1959 2479 2218 2536 fecerim:

436 2598 624 2638 omnes
692 2580 838 2637 enim
900 2577 1224 2652 Κωρυκαῖοι
1282 2578 1545 2635 videntur
1604 2576 2017 2633 subauscultare
2078 2594 2219 2649 quae

435 2677 642 2751 loquor.
733 2677 783 2733 2.
831 2676 917 2732 Tu
957 2680 1158 2747 tamen,
1205 2676 1254 2731 si
1294 2674 1429 2747 quid
1476 2673 1543 2730 de
1593 2673 1880 2745 Hispaniis
1921 2674 2036 2729 sive
2084 2673 2220 2745 quid

437 2774 602 2847 aliud,
635 2791 799 2846 perge
826 2791 1026 2846 quaeso
1053 2772 1301 2844 scribere,
1326 2789 1426 2828 nec
1454 2755 1603 2828 meas
1630 2770 1847 2827 litteras
1868 2772 2217 2843 exspectaris,

437 2873 544 2928 nisi
573 2888 696 2928 cum
725 2883 833 2942 quo
861 2874 990 2941 opto
1017 2868 1425 2941 pervenerimus
1458 2872 1557 2924 aut
1584 2867 1631 2923 si
1658 2867 1793 2940 quid
1820 2884 1888 2923 ex
1915 2885 2091 2939 cursu,
2124 2868 2219 2924 sed

437 2969 540 3026 hoc
562 2984 776 3039 quoque
797 2966 990 3023 timide
1013 2965 1190 3022 scribo
1213 2987 1225 3023 :
1261 2965 1343 3021 ita
1364 2965 1548 3021 omnia
1568 2964 1731 3021 tarda
1748 2963 1927 3021 adhuc
1947 2969 2005 3021 et
2025 2966 2218 3036 spissa.

439 3066 526 3124 Ut
551 3062 694 3120 male
722 3063 1002 3135 posuimus
1030 3062 1206 3134 initia,
1241 3062 1320 3119 sic
1356 3068 1537 3119 cetera
1564 3066 1885 3133 sequuntur.
1973 3060 2225 3119 Formias

438 3180 584 3220 nunc
612 3161 906 3234 sequimur,
939 3160 1128 3217 eodem
1169 3177 1269 3216 nos
1310 3160 1540 3216 fortasse
1582 3158 1781 3215 Furiae
1808 3162 2221 3231 persequentur.

441 3259 529 3317 Ex
556 3257 719 3315 Balbi
760 3260 948 3314 autem
988 3274 1250 3329 sermone,
1282 3275 1445 3331 quem
1486 3261 1672 3313 tecum
1712 3256 1923 3328 habuit,
1956 3274 2065 3312 non
2102 3274 2225 3329 pro-
