2434 3734
431 400 603 453 testor
643 401 830 453 omnes
859 395 988 453 deos
1017 415 1104 454 me
1147 396 1251 453 hac
1286 415 1399 454 una
1424 415 1558 454 voce
1584 416 1619 454 a
1646 403 1823 455 morte
1863 416 1983 456 esse
2008 406 2225 456 revoca-

429 497 566 564 tum,
599 492 747 566 quod
775 511 962 551 omnes
999 494 1056 550 in
1085 512 1209 552 mea
1236 495 1358 551 vita
1397 499 1613 568 partem
1641 495 1886 568 aliquam
1912 501 2044 553 tuae
2071 496 2227 554 vitae

428 590 723 663 repositam
751 608 868 648 esse
895 589 1166 652 dicebant,-
1258 590 1382 661 Qua
1417 591 1476 648 in
1504 609 1561 649 re
1603 592 1825 664 peccavi
1853 590 2226 666 scelerateque

428 686 546 746 feci.
635 688 785 745 Nam
839 689 889 745 si
945 688 1279 759 occidissem,
1338 706 1486 746 mors
1540 689 1663 762 ipsa
1715 707 1895 747 meam
1953 689 2225 775 ΡΜ

427 803 776 858 amoremque
816 785 876 842 in
917 790 975 844 te
1016 785 1178 844 facile
1220 785 1557 844 defenderet.
1661 786 1718 844 N
1718 805 1827 844 unc
1866 788 2118 852 commisi
2158 793 2225 846 ut

428 901 516 940 me
560 883 689 940 vivo
733 901 958 956 careres,
1007 883 1136 941 vivo
1179 901 1271 941 me
1315 883 1439 941 aliis
1482 885 1541 941 in
1584 885 1790 984 ἒςὶθεε
1844 903 1971 943 mea
2011 905 2123 944 vox
2165 887 2226 943 in

140 1035 150 1052 ⁴
181 1033 192 1062 ρ
427 981 741 1038 domesticis
796 979 1052 1054 periculis
1113 981 1469 1054 potissimum
1618 981 1809 1055 ideret,
1869 1001 2010 1055 quae
2063 1001 2225 1056 saepe

68 1041 774 1229 wssd'pglienissimis
821 1079 1093 1152 praesidio
1142 1079 1353 1152 Μὴ.
1512 1098 1603 1136 am
1647 1079 1795 1152 quod
1842 1079 1914 1136 ad
1962 1085 2021 1138 te
2067 1082 2228 1153 pueri

427 1177 544 1234 sine
585 1177 791 1234 litteris
818 1182 1106 1248 venerunt,
1139 1178 1401 1250 quoniam
1428 1177 1584 1234 vides
1611 1195 1723 1234 non
1764 1178 1935 1234 fuisse
1976 1177 2227 1235 iracund-

426 1275 538 1331 iam
579 1291 817 1346 causam,
857 1279 1005 1332 certe
1045 1273 1274 1347 pigritia
1314 1275 1425 1332 fuit
1466 1280 1525 1332 et
1565 1271 1837 1347 quaedam
1876 1275 2099 1332 infinita
2138 1276 2227 1332 vis

426 1371 776 1428 lacrimarum
824 1376 883 1428 et
930 1370 1197 1429 dolorum.
1302 1371 1355 1428 3.
1417 1370 1573 1428 Haec
1618 1371 1741 1444 ipsa
1787 1389 1876 1428 me
1925 1390 2034 1445 quo
2087 1371 2229 1429 fletu

427 1473 591 1541 putas
619 1469 936 1542 scripsisset
1017 1464 1241 1526 Eodem'
1271 1487 1379 1542 quo
1419 1473 1478 1526 te
1518 1469 1695 1542 legere
1729 1473 1879 1526 certo
1918 1469 2047 1528 sci0.
2132 1470 2228 1527 An

427 1585 526 1639 ego
553 1584 777 1639 possum
805 1571 904 1623 aut
930 1585 1041 1624 non
1070 1567 1312 1640 cogitare
1332 1567 1630 1640 aliquando
1657 1566 1727 1624 de
1754 1572 1812 1625 te
1834 1573 1934 1625 aut
1959 1586 2228 1641 umquam

431 1666 549 1723 sine
590 1665 830 1722 lacrimis
871 1665 1150 1738 cogitaret
1232 1664 1376 1723 Cum
1404 1665 1552 1722 enim
1593 1671 1652 1723 te
1692 1665 1955 1738 desidem,
1996 1666 2229 1724 fratrem

304 1815 312 1821 .
426 1761 606 1820 solum
660 1762 947 1834 desidero?
986 1763 1147 1856 Ἃ14330
1200 1781 1331 1820 vero
1385 1763 1665 1821 suavitate
1722 1758 1976 1842 [fratrem
2030 1761 2226 1844 prope]

153 1806 777 1961 fflwstafecfugleffis?
789 1829 1051 1933 (mio
1115 1860 1311 1934 filium,
1371 1861 1597 1919 consilio
1665 1867 1967 1934 parentem.
2076 1861 2225 1932 Quid

209 2005 214 2010 .
427 1958 566 2015 mihi
602 1959 720 2015 sine
762 1962 820 2016 te
848 1975 1114 2030 umquam
1156 1964 1257 2016 aut
1295 1958 1405 2016 tibi
1445 1959 1563 2016 sine
1603 1976 1693 2015 me
1733 1959 1939 2016 iucund
2062 1958 2361 2086 fuiti*

35 2033 150 2091 ‘27⁶⁴‘
173 2005 592 2190 inw‘eQuid,
624 2055 774 2127 quod
814 2055 1003 2112 eodem
1046 2060 1293 2128 tempore
1321 2055 1570 2113 desidero
1606 2055 1819 2113 filiam‘i
1858 2074 1969 2128 qua
1995 2028 2223 2145 pietate,
2417 2043 2418 2048 ἵ

121 2126 130 2160 ¹
428 2171 539 2225 qua
565 2135 850 2225 m‘o'dessstia,
884 2170 993 2224 quo
1018 2153 1241 2255 iggegig
1263 2155 1298 2248 Ξ(
1324 2228 1333 2236 Ι
1368 2153 1554 2254 ‘giem
1583 2153 1707 2225 oris,
1739 2153 2021 2226 sermonis,
2052 2154 2227 2211 animi

430 2249 572 2306 mei!
656 2248 816 2319 Quod
843 2248 1022 2305 filium
1041 2234 1499 2306 venustissimum
1529 2249 1776 2321 mihique
1804 2249 2228 2309 dulcissimqu

428 2363 592 2420 quem
621 2363 722 2419 ego
749 2345 896 2403 ferus
924 2364 988 2403 ac
1015 2346 1225 2404 ferreus
1252 2365 1284 2404 e
1312 2326 1602 2420 complexu
1630 2347 1816 2404 dimisi
1844 2366 1981 2421 me0‚
2014 2351 2226 2422 sapien-

429 2443 627 2500 tiorem
653 2461 886 2516 puerum
852 2462 1094 2561 ustuanti,
1109 2444 1327 2532 vellem.
1376 2511 1389 2525 „
1417 2444 1724 2534 §eutiebat
1743 2445 2088 2530 epigri-miser
2112 2447 2225 2504 iam

429 2541 564 2614 quid
591 2546 860 2613 ageretur.
911 2527 1109 2611 *Quod
1149 2561 1282 2600 vero
1320 2547 1482 2599 tuum
1508 2542 1704 2613 filium,
1720 2543 1885 2614 quod
1926 2543 2225 2616 imaginem

430 2644 601 2711 tuam,
634 2656 799 2711 quem
825 2657 982 2696 meus
1011 2638 1201 2697 Cicero
1230 2644 1288 2696 et
1314 2640 1541 2697 amabat
1567 2644 1633 2696 ut
1660 2640 1888 2697 fratrem
1919 2645 1977 2698 et
2018 2641 2132 2698 iam
2159 2647 2226 2699 ut

430 2737 692 2792 maiorem
708 2735 937 2792 fratrem
954 2735 1278 2794 verebatur?
1339 2735 1501 2808 Quid,
1522 2735 1672 2808 quod
1688 2736 1970 2794 mulierem
1990 2738 2226 2796 miserri-

230 2853 238 2861 ’
289 2869 298 2896 ,ι
339 2841 344 2909 ξ
369 2881 382 2911 Ι
430 2852 595 2906 mam,
621 2833 999 2890 fidelissimam
1022 2833 1323 2905 coniugem,
1350 2849 1439 2889 me
1458 2833 1714 2905 prosequi
1736 2851 1845 2890 non
1866 2852 1991 2891 sum
2010 2852 2221 2908 passus,

394 2913 409 2920 ³
431 2937 497 2989 ut
537 2936 684 2989 esset
725 2949 864 3004 quae
893 2931 994 2988 reli
1032 2931 1152 2988 uias
1191 2930 1498 2987 communis
1526 2930 1875 3003 calamitatis,
1908 2949 2226 2990 communes

430 3027 632 3085 liberos
673 3032 924 3086 tueretur
1059 3027 1112 3086 4.
1168 3026 1280 3085 Sed
1327 3031 1529 3098 tamen,
1576 3046 1795 3101 quoquo
1836 3028 1999 3085 modo
2046 3030 2221 3102 potui,
2410 3013 2412 3111 ᾖ

432 3092 624 3197 scripsi
652 3130 710 3182 et
737 3125 867 3183 dedi
905 3125 1126 3182 litteras
1153 3123 1227 3181 ad
1268 3128 1326 3182 te
1355 3124 1677 3197 Philogono,
1710 3124 1910 3182 liberto
1937 3129 2052 3196 tu0,
2086 3144 2225 3198 quas

433 3222 595 3279 credo
615 3222 720 3279 tibi
747 3227 941 3296 postea
962 3222 1208 3280 redditas
1230 3240 1375 3280 esse:
1404 3223 1462 3279 in
1484 3222 1685 3295 quibus
1705 3222 1854 3278 idem
1876 3227 1934 3279 te
1956 3221 2149 3280 hortor
2165 3229 2225 3280 et
2398 3193 2411 3342 j
