2434 3734
414 253 474 300 24
1025 251 1164 300 XIV.
1203 239 1387 320 (ΒΑΜ.
1425 251 1486 302 V.
1527 240 1613 320 12)

705 479 866 538 XIV.
911 480 1007 536 To
1052 478 1445 538 LnooEIUs
1490 480 1669 552 (rm.
1702 495 1760 537 v.
1798 475 1898 554 12)

573 629 894 689 ARPINUM,
931 631 1122 681 A.U.c.
1163 632 1292 691 6983
1340 632 1451 680 ne.
1492 631 1590 691 563
1633 632 1769 678 AET.
1815 631 1931 679 010.
1974 630 2035 678 50

494 765 558 812 M.
602 765 762 812 Cicero
797 765 850 813 L.
891 765 1144 813 Lucceium
1176 767 1456 826 scriptorem
1498 767 1778 814 historicum
1812 779 1910 812 non
1942 765 2196 824 ignobilem

411 841 505 890 hac
546 843 748 902 epistola
781 859 966 890 summa
997 847 1100 892 arte
1139 847 1403 905 composita
1440 847 1588 906 rogat,
1635 848 1693 892 ut
1729 845 1789 891 de
1826 844 1968 890 rebus
2002 857 2029 889 a
2062 857 2113 890 se
2146 843 2197 888 in

412 921 664 968 consulatu
707 936 792 968 suo
846 923 992 982 gestis
1047 926 1096 971 et
1150 924 1209 970 de
1265 923 1475 970 discessu
1527 923 1781 984 redituque
1836 923 2197 969 commentarios

412 1001 680 1058 componat.

789 1149 853 1191 M.
887 1149 1098 1190 CICERO
1127 1151 1172 1190 S.
1205 1151 1261 1190 D.
1296 1150 1348 1190 L.
1380 1150 1634 1191 LUGGEIO
1662 1150 1713 1198 Q.
1748 1149 1797 1191 F.

513 1286 562 1343 1.
610 1284 809 1343 Coram
837 1305 924 1344 me
951 1291 1135 1343 tecum
1162 1287 1353 1345 eadem
1373 1287 1507 1344 haec
1534 1305 1691 1360 agere
1718 1304 1877 1360 saepe
1910 1290 2199 1342 conantem

413 1379 681 1436 deterruit
720 1380 898 1452 pudor
937 1380 1163 1452 quidam
1210 1399 1383 1454 paene
1445 1381 1801 1451 subrusticus,
1860 1397 2000 1452 quae
2053 1396 2201 1435 nunc

413 1493 727 1548 expromam
755 1476 952 1534 absens
980 1477 1242 1556 audacius
1267 1499 1281 1536 ι
1324 1477 1557 1550 epistola
1596 1478 1743 1534 enim
1770 1494 1881 1533 non
1908 1475 2195 1534 erubescit.

412 1574 596 1631 Ardeo
623 1575 925 1647 cupiditate
951 1575 1260 1634 incredibili
1286 1593 1478 1648 neque,
1498 1580 1565 1632 ut
1604 1593 1705 1648 ego
1746 1574 1995 1646 arbitror,
2026 1591 2203 1646 repre-

413 1670 715 1743 hendenda,
773 1689 972 1728 nomen
1033 1678 1100 1730 ut
1169 1677 1419 1730 nostrum
1484 1672 1703 1745 scriptis
1768 1671 2077 1728 illustretur
2144 1675 2202 1728 et

413 1768 715 1826 celebretur
741 1769 868 1825 tuis.
959 1768 1120 1837 Quod
1147 1769 1253 1826 etsi
1278 1768 1417 1826 mihi
1457 1787 1616 1840 saepe
1656 1767 1947 1825 ostendisti
1987 1772 2045 1824 te
2084 1784 2202 1823 esse

412 1865 704 1938 facturum,
748 1871 937 1924 tamen
979 1867 1227 1939 ignoscas
1268 1867 1436 1924 velim
1475 1865 1607 1922 huic
1646 1865 1988 1922 festinationi
2028 1882 2197 1922 meae.

413 1964 604 2022 Genus
645 1965 790 2021 enim
833 1964 1160 2037 scriptorum
1216 1969 1440 2020 tuorum
1480 1963 1587 2020 etsi
1627 1966 1747 2019 erat
1786 1979 1999 2034 semper
2038 1978 2075 2016 a
2113 1978 2203 2017 me

413 2050 764 2118 vehementer
806 2065 1198 2134 exspectatum,
1248 2067 1436 2118 tamen
1482 2060 1618 2118 vicit
1672 2060 1981 2133 opinionem
2022 2076 2201 2115 meam

413 2178 608 2232 meque
662 2161 745 2216 ita
797 2160 888 2218 vel
942 2161 1086 2233 cepit
1138 2160 1231 2218 vel
1285 2158 1544 2231 incendit,
1603 2162 1669 2215 ut
1726 2175 1976 2230 cuperem
2033 2175 2199 2229 quam

415 2257 690 2314 celerrime
757 2276 844 2315 res
912 2262 1128 2314 nostras
1197 2255 1551 2312 monimentis
1633 2255 2000 2312 commendari
2069 2253 2195 2310 tuis.

415 2353 611 2426 Neque
639 2353 786 2410 enim
813 2372 902 2410 me
929 2353 1106 2410 solum
1133 2352 1577 2410 commemoratio
1597 2351 1937 2424 posteritatis
1953 2351 2024 2407 ad
2050 2369 2203 2423 spem

417 2451 712 2523 quamdam
753 2451 1189 2508 immortalitatis
1231 2451 1392 2522 rapit,
1424 2449 1521 2506 sed
1562 2449 1731 2506 etiam
1771 2448 1870 2505 illa
1910 2447 2200 2522 cupiditas,

415 2554 480 2605 ut
508 2549 597 2605 vel
624 2548 952 2605 auctoritate
979 2547 1285 2605 testimonii
1311 2547 1397 2603 tui
1436 2545 1527 2603 vel
1565 2544 1766 2601 indicio
1792 2543 2205 2604 benevolentiae

414 2644 503 2703 vel
531 2645 807 2702 suavitate
833 2645 1040 2718 ingenii
1064 2644 1183 2702 vivi
1214 2643 1573 2716 perfruamur.
1662 2643 1713 2700 2.
1760 2641 1957 2714 Neque
1998 2646 2201 2711 tamen,

416 2743 549 2799 haec
577 2761 701 2799 cum
733 2741 1054 2813 scribebam,
1085 2759 1233 2798 eram
1276 2741 1489 2798 nescius
1530 2738 1754 2811 quantis
1795 2737 2049 2795 oneribus
2090 2756 2205 2810 pre-

416 2859 620 2898 merere
656 2845 1030 2912 susceptarum
1071 2857 1254 2896 rerum
1282 2843 1340 2896 et
1378 2838 1490 2894 iam
1522 2837 1921 2906 institutarum,
1954 2835 2051 2891 sed
2076 2837 2207 2907 quia

417 2939 672 2995 videbam
716 2937 899 2995 Italici
938 2936 1071 2995 belli
1110 2942 1169 2993 et
1209 2934 1386 2991 civilis
1426 2933 1714 2990 historiam
1746 2933 1857 2988 iam
1889 2950 1925 2988 a
1950 2936 2007 2988 te
2035 2949 2207 3002 paene

418 3053 534 3092 esse
601 3035 913 3108 perfectam,
973 3033 1188 3091 dixeras
1257 3036 1442 3089 autem
1511 3031 1649 3087 mihi
1717 3034 1773 3086 te
1827 3029 2067 3100 reliquas
2118 3047 2207 3086 res

419 3133 600 3211 ordiri,
633 3133 816 3191 deesse
844 3133 982 3188 mihi
1009 3132 1161 3190 nolui
1188 3133 1324 3205 quin
1354 3135 1408 3187 te
1444 3129 1805 3198 admonerem,
1836 3133 1902 3185 ut
1938 3127 2206 3199 cogitares

419 3231 776 3289 coniunctene
817 3231 1009 3288 malles
1049 3248 1174 3287 cum
1222 3229 1447 3302 reliquis
1486 3227 1650 3286 rebus
1690 3231 1879 3284 nostra
1920 3229 2206 3282 contexere
