<?xml version="1.0" encoding="UTF-8"?>
<!DOCTYPE html PUBLIC "-//W3C//DTD XHTML 1.0 Transitional//EN"
    "http://www.w3.org/TR/xhtml1/DTD/xhtml1-transitional.dtd">
<html xmlns="http://www.w3.org/1999/xhtml" xml:lang="en" lang="en">
 <head>
  <title>
</title>
<meta http-equiv="Content-Type" content="text/html;charset=utf-8" />
  <meta name='ocr-system' content='tesseract 3.04.00' />
  <meta name='ocr-capabilities' content='ocr_page ocr_carea ocr_par ocr_line ocrx_word'/>
</head>
<body>
  <div class='ocr_page' id='page_1' title='image "./ciceroinhislett01tyrrgoog_0168.png"; bbox 0 0 2434 3734; ppageno 0'>
   <div class='ocr_carea' id='block_1_1' title="bbox 405 253 1655 334">
    <p class='ocr_par' dir='ltr' id='par_1_1' title="bbox 405 253 1655 334">
     <span class='ocr_line' id='line_1_1' title="bbox 405 253 1655 334; baseline -0.005 -14"><span class='ocrx_word' id='word_1_1' title='bbox 405 273 466 320; x_wconf 83' lang='lat'><strong>48</strong></span> <span class='ocrx_word' id='word_1_2' title='bbox 926 268 1146 318; x_wconf 84' lang='lat' dir='ltr'><strong>xxvn.</strong></span> <span class='ocrx_word' id='word_1_3' title='bbox 1185 253 1369 334; x_wconf 64' lang='grc' dir='ltr'><strong>(ΒΑΜ.</strong></span> <span class='ocrx_word' id='word_1_4' title='bbox 1408 265 1557 315; x_wconf 86' lang='lat' dir='ltr'>v111.</span> <span class='ocrx_word' id='word_1_5' title='bbox 1600 260 1655 334; x_wconf 87' lang='lat'><strong>1)</strong></span> 
     </span>
    </p>
   </div>
   <div class='ocr_carea' id='block_1_2' title="bbox 402 418 2253 3320">
    <p class='ocr_par' dir='ltr' id='par_1_2' title="bbox 402 418 2253 3320">
     <span class='ocr_line' id='line_1_2' title="bbox 402 418 2195 495; baseline -0.001 -16"><span class='ocrx_word' id='word_1_6' title='bbox 402 423 549 495; x_wconf 89' lang='lat' dir='ltr'><strong>quod</strong></span> <span class='ocrx_word' id='word_1_7' title='bbox 577 421 888 494; x_wconf 91' lang='lat' dir='ltr'><strong>exemplum</strong></span> <span class='ocrx_word' id='word_1_8' title='bbox 915 423 964 478; x_wconf 94' lang='lat' dir='ltr'><strong>si</strong></span> <span class='ocrx_word' id='word_1_9' title='bbox 991 422 1134 478; x_wconf 91' lang='lat' dir='ltr'><strong>forte</strong></span> <span class='ocrx_word' id='word_1_10' title='bbox 1155 421 1341 477; x_wconf 90' lang='lat' dir='ltr'><strong>minus</strong></span> <span class='ocrx_word' id='word_1_11' title='bbox 1368 428 1425 477; x_wconf 93' lang='lat' dir='ltr'><strong>te</strong></span> <span class='ocrx_word' id='word_1_12' title='bbox 1454 419 1755 491; x_wconf 88' lang='lat' dir='ltr'><strong>delectarit,</strong></span> <span class='ocrx_word' id='word_1_13' title='bbox 1789 437 1859 475; x_wconf 93' lang='grc'><strong>116</strong></span> <span class='ocrx_word' id='word_1_14' title='bbox 1884 418 2195 477; x_wconf 78' lang='lat' dir='ltr'><strong>molestiam</strong></span> 
     </span>
     <span class='ocr_line' id='line_1_3' title="bbox 402 517 2190 592; baseline -0.001 -15"><span class='ocrx_word' id='word_1_15' title='bbox 402 520 508 577; x_wconf 89' lang='lat' dir='ltr'><strong>tibi</strong></span> <span class='ocrx_word' id='word_1_16' title='bbox 545 539 670 576; x_wconf 91' lang='lat' dir='ltr'><strong>cum</strong></span> <span class='ocrx_word' id='word_1_17' title='bbox 706 521 955 592; x_wconf 89' lang='lat' dir='ltr'><strong>impensa</strong></span> <span class='ocrx_word' id='word_1_18' title='bbox 995 537 1118 576; x_wconf 88' lang='lat' dir='ltr'><strong>mea</strong></span> <span class='ocrx_word' id='word_1_19' title='bbox 1165 518 1472 588; x_wconf 82' lang='lat' dir='ltr'><strong>exhibeam,</strong></span> <span class='ocrx_word' id='word_1_20' title='bbox 1503 517 1591 574; x_wconf 87' lang='lat' dir='ltr'><strong>fac</strong></span> <span class='ocrx_word' id='word_1_21' title='bbox 1630 535 1719 574; x_wconf 91' lang='lat' dir='ltr'><strong>me</strong></span> <span class='ocrx_word' id='word_1_22' title='bbox 1756 517 2053 573; x_wconf 80' lang='lat' dir='ltr'><strong>certiorem.</strong></span> <span class='ocrx_word' id='word_1_23' title='bbox 2138 517 2190 576; x_wconf 86' lang='lat'><strong>2.</strong></span> 
     </span>
     <span class='ocr_line' id='line_1_4' title="bbox 404 613 2197 689; baseline -0.003 -15"><span class='ocrx_word' id='word_1_24' title='bbox 404 616 466 674; x_wconf 88' lang='lat' dir='ltr'><strong>Si</strong></span> <span class='ocrx_word' id='word_1_25' title='bbox 502 617 636 689; x_wconf 89' lang='lat' dir='ltr'><strong>quid</strong></span> <span class='ocrx_word' id='word_1_26' title='bbox 662 617 721 673; x_wconf 94' lang='lat' dir='ltr'><strong>in</strong></span> <span class='ocrx_word' id='word_1_27' title='bbox 749 634 808 673; x_wconf 92' lang='lat' dir='ltr'><strong>re</strong></span> <span class='ocrx_word' id='word_1_28' title='bbox 835 615 1056 689; x_wconf 90' lang='lat' dir='ltr'><strong>publica</strong></span> <span class='ocrx_word' id='word_1_29' title='bbox 1081 616 1262 672; x_wconf 90' lang='lat' dir='ltr'><strong>maius</strong></span> <span class='ocrx_word' id='word_1_30' title='bbox 1290 619 1478 672; x_wconf 89' lang='lat' dir='ltr'><strong>actum</strong></span> <span class='ocrx_word' id='word_1_31' title='bbox 1507 615 1628 684; x_wconf 87' lang='lat' dir='ltr'><strong>erit,</strong></span> <span class='ocrx_word' id='word_1_32' title='bbox 1662 613 1811 686; x_wconf 89' lang='lat' dir='ltr'><strong>quod</strong></span> <span class='ocrx_word' id='word_1_33' title='bbox 1837 613 1933 670; x_wconf 89' lang='lat' dir='ltr'><strong>isti</strong></span> <span class='ocrx_word' id='word_1_34' title='bbox 1966 613 2197 686; x_wconf 85' lang='lat' dir='ltr'><strong>operarii</strong></span> 
     </span>
     <span class='ocr_line' id='line_1_5' title="bbox 403 709 2194 785; baseline -0.002 -16"><span class='ocrx_word' id='word_1_35' title='bbox 403 714 584 770; x_wconf 88' lang='lat' dir='ltr'><strong>minus</strong></span> <span class='ocrx_word' id='word_1_36' title='bbox 629 713 911 771; x_wconf 91' lang='lat' dir='ltr'><strong>commode</strong></span> <span class='ocrx_word' id='word_1_37' title='bbox 957 713 1211 785; x_wconf 79' lang='lat' dir='ltr'><strong>persequi</strong></span> <span class='ocrx_word' id='word_1_38' title='bbox 1260 713 1489 784; x_wconf 78' lang='lat' dir='ltr'><strong>possint,</strong></span> <span class='ocrx_word' id='word_1_39' title='bbox 1538 715 1597 768; x_wconf 91' lang='lat' dir='ltr'><strong>et</strong></span> <span class='ocrx_word' id='word_1_40' title='bbox 1644 729 1809 783; x_wconf 90' lang='lat' dir='ltr'><strong>quem</strong></span> <span class='ocrx_word' id='word_1_41' title='bbox 1858 709 1930 766; x_wconf 87' lang='lat' dir='ltr'><strong>ad</strong></span> <span class='ocrx_word' id='word_1_42' title='bbox 1970 709 2194 766; x_wconf 91' lang='lat' dir='ltr'><strong>modum</strong></span> 
     </span>
     <span class='ocr_line' id='line_1_6' title="bbox 403 810 2195 884; baseline -0.001 -16"><span class='ocrx_word' id='word_1_43' title='bbox 403 817 589 868; x_wconf 91' lang='lat' dir='ltr'><strong>actum</strong></span> <span class='ocrx_word' id='word_1_44' title='bbox 617 814 692 869; x_wconf 89' lang='lat' dir='ltr'><strong>sit</strong></span> <span class='ocrx_word' id='word_1_45' title='bbox 735 817 794 869; x_wconf 94' lang='lat' dir='ltr'><strong>et</strong></span> <span class='ocrx_word' id='word_1_46' title='bbox 820 829 961 884; x_wconf 91' lang='lat' dir='ltr'><strong>quae</strong></span> <span class='ocrx_word' id='word_1_47' title='bbox 989 811 1331 869; x_wconf 87' lang='lat' dir='ltr'><strong>existimatio</strong></span> <span class='ocrx_word' id='word_1_48' title='bbox 1372 815 1561 868; x_wconf 89' lang='lat' dir='ltr'><strong>secuta</strong></span> <span class='ocrx_word' id='word_1_49' title='bbox 1600 828 1847 884; x_wconf 89' lang='lat' dir='ltr'><strong>quaeque</strong></span> <span class='ocrx_word' id='word_1_50' title='bbox 1872 810 1943 866; x_wconf 88' lang='lat' dir='ltr'><strong>de</strong></span> <span class='ocrx_word' id='word_1_51' title='bbox 1970 828 2033 867; x_wconf 92' lang='lat' dir='ltr'><strong>eo</strong></span> <span class='ocrx_word' id='word_1_52' title='bbox 2073 828 2195 882; x_wconf 88' lang='lat' dir='ltr'><strong>spes</strong></span> 
     </span>
     <span class='ocr_line' id='line_1_7' title="bbox 402 907 2198 982; baseline -0.002 -15"><span class='ocrx_word' id='word_1_53' title='bbox 402 911 479 967; x_wconf 91' lang='lat' dir='ltr'><strong>sit</strong></span> <span class='ocrx_word' id='word_1_54' title='bbox 532 910 826 982; x_wconf 78' lang='lat' dir='ltr'><strong>diligenter</strong></span> <span class='ocrx_word' id='word_1_55' title='bbox 883 909 989 966; x_wconf 91' lang='lat' dir='ltr'><strong>tibi</strong></span> <span class='ocrx_word' id='word_1_56' title='bbox 1044 909 1459 982; x_wconf 88' lang='lat' dir='ltr'><strong>perscribemus.</strong></span> <span class='ocrx_word' id='word_1_57' title='bbox 1568 908 1653 965; x_wconf 89' lang='lat' dir='ltr'><strong>Ut</strong></span> <span class='ocrx_word' id='word_1_58' title='bbox 1708 925 1855 964; x_wconf 93' lang='grc'>1111116</span> <span class='ocrx_word' id='word_1_59' title='bbox 1896 912 1997 979; x_wconf 89' lang='lat' dir='ltr'><strong>est,</strong></span> <span class='ocrx_word' id='word_1_60' title='bbox 2043 907 2198 964; x_wconf 87' lang='lat' dir='ltr'><strong>nulla</strong></span> 
     </span>
     <span class='ocr_line' id='line_1_8' title="bbox 403 1005 2253 1081; baseline -0.001 -18"><span class='ocrx_word' id='word_1_61' title='bbox 403 1025 601 1080; x_wconf 85' lang='lat' dir='ltr'><strong>magno</strong></span> <span class='ocrx_word' id='word_1_62' title='bbox 643 1026 802 1081; x_wconf 91' lang='lat' dir='ltr'><strong>opere</strong></span> <span class='ocrx_word' id='word_1_63' title='bbox 845 1008 1181 1080; x_wconf 80' lang='lat' dir='ltr'><strong>exspectatio</strong></span> <span class='ocrx_word' id='word_1_64' title='bbox 1224 1011 1327 1064; x_wconf 87' lang='lat' dir='ltr'><strong>est.</strong></span> <span class='ocrx_word' id='word_1_65' title='bbox 1409 1006 1565 1062; x_wconf 84' lang='lat' dir='ltr'><strong>Nam</strong></span> <span class='ocrx_word' id='word_1_66' title='bbox 1606 1010 1664 1062; x_wconf 92' lang='lat' dir='ltr'><strong>et</strong></span> <span class='ocrx_word' id='word_1_67' title='bbox 1711 1005 1795 1062; x_wconf 84' lang='lat' dir='ltr'><strong>issi</strong></span> <span class='ocrx_word' id='word_1_68' title='bbox 1843 1023 2098 1062; x_wconf 90' lang='lat' dir='ltr'><strong>rumores·</strong></span> <span class='ocrx_word' id='word_1_69' title='bbox 2128 1005 2197 1061; x_wconf 92' lang='lat' dir='ltr'><strong>de</strong></span> <span class='ocrx_word' id='word_1_70' title='bbox 2249 1025 2253 1032; x_wconf 70' lang='lat'><strong><em>¹</em></strong></span> 
     </span>
     <span class='ocr_line' id='line_1_9' title="bbox 403 1101 2195 1176; baseline -0.001 -15"><span class='ocrx_word' id='word_1_71' title='bbox 403 1105 640 1162; x_wconf 89' lang='lat' dir='ltr'><strong>comitiis</strong></span> <span class='ocrx_word' id='word_1_72' title='bbox 705 1103 1224 1176; x_wconf 82' lang='lat' dir='ltr'><strong>Transpadanorum</strong></span> <span class='ocrx_word' id='word_1_73' title='bbox 1280 1103 1585 1160; x_wconf 82' lang='lat' dir='ltr'><strong>Cumarum</strong></span> <span class='ocrx_word' id='word_1_74' title='bbox 1647 1106 1809 1158; x_wconf 88' lang='lat' dir='ltr'><strong>tenus</strong></span> <span class='ocrx_word' id='word_1_75' title='bbox 1874 1101 2195 1159; x_wconf 87' lang='lat' dir='ltr'><strong>caluerunt:</strong></span> 
     </span>
     <span class='ocr_line' id='line_1_10' title="bbox 404 1199 2197 1272; baseline -0.003 -13"><span class='ocrx_word' id='word_1_76' title='bbox 404 1201 640 1258; x_wconf 86' lang='lat' dir='ltr'><strong>Romam</strong></span> <span class='ocrx_word' id='word_1_77' title='bbox 696 1220 822 1258; x_wconf 90' lang='lat' dir='ltr'><strong>cum</strong></span> <span class='ocrx_word' id='word_1_78' title='bbox 876 1202 1162 1266; x_wconf 80' lang='lat' dir='ltr'><strong>venissem,</strong></span> <span class='ocrx_word' id='word_1_79' title='bbox 1213 1219 1283 1257; x_wconf 92' lang='lat' dir='ltr'><strong>ne</strong></span> <span class='ocrx_word' id='word_1_80' title='bbox 1338 1199 1719 1257; x_wconf 87' lang='lat' dir='ltr'><strong>tenuissimam</strong></span> <span class='ocrx_word' id='word_1_81' title='bbox 1776 1199 1997 1272; x_wconf 91' lang='lat' dir='ltr'><strong>quidem</strong></span> <span class='ocrx_word' id='word_1_82' title='bbox 2046 1199 2197 1255; x_wconf 90' lang='lat' dir='ltr'><strong>audi-</strong></span> 
     </span>
     <span class='ocr_line' id='line_1_11' title="bbox 405 1295 2197 1370; baseline -0.003 -14"><span class='ocrx_word' id='word_1_83' title='bbox 405 1299 611 1356; x_wconf 87' lang='lat' dir='ltr'><strong>tionem</strong></span> <span class='ocrx_word' id='word_1_84' title='bbox 641 1298 708 1356; x_wconf 89' lang='lat' dir='ltr'><strong>de</strong></span> <span class='ocrx_word' id='word_1_85' title='bbox 729 1317 795 1355; x_wconf 87' lang='lat' dir='ltr'><strong>ea</strong></span> <span class='ocrx_word' id='word_1_86' title='bbox 821 1317 880 1356; x_wconf 92' lang='grc'><strong>16</strong></span> <span class='ocrx_word' id='word_1_87' title='bbox 900 1299 1096 1370; x_wconf 87' lang='lat' dir='ltr'><strong>accepi.</strong></span> <span class='ocrx_word' id='word_1_88' title='bbox 1186 1297 1479 1354; x_wconf 89' lang='lat' dir='ltr'><strong>Praeterea</strong></span> <span class='ocrx_word' id='word_1_89' title='bbox 1506 1295 1818 1367; x_wconf 88' lang='lat' dir='ltr'><strong>Marcellus,</strong></span> <span class='ocrx_word' id='word_1_90' title='bbox 1844 1296 1990 1369; x_wconf 89' lang='lat' dir='ltr'><strong>quod</strong></span> <span class='ocrx_word' id='word_1_91' title='bbox 2018 1295 2197 1352; x_wconf 90' lang='lat' dir='ltr'><strong>adhuc</strong></span> 
     </span>
     <span class='ocr_line' id='line_1_12' title="bbox 406 1393 2197 1467; baseline -0.002 -15"><span class='ocrx_word' id='word_1_92' title='bbox 406 1396 544 1452; x_wconf 89' lang='lat' dir='ltr'><strong>nihil</strong></span> <span class='ocrx_word' id='word_1_93' title='bbox 571 1396 794 1453; x_wconf 90' lang='lat' dir='ltr'><strong>rettulit</strong></span> <span class='ocrx_word' id='word_1_94' title='bbox 821 1396 890 1452; x_wconf 93' lang='lat' dir='ltr'><strong>de</strong></span> <span class='ocrx_word' id='word_1_95' title='bbox 919 1395 1255 1452; x_wconf 82' lang='lat' dir='ltr'><strong>successione</strong></span> <span class='ocrx_word' id='word_1_96' title='bbox 1283 1395 1689 1467; x_wconf 86' lang='lat' dir='ltr'><strong>provinciarum</strong></span> <span class='ocrx_word' id='word_1_97' title='bbox 1716 1393 2027 1451; x_wconf 78' lang='lat' dir='ltr'><strong>Galliarum</strong></span> <span class='ocrx_word' id='word_1_98' title='bbox 2054 1397 2112 1450; x_wconf 93' lang='lat' dir='ltr'><strong>et</strong></span> <span class='ocrx_word' id='word_1_99' title='bbox 2138 1395 2197 1448; x_wconf 92' lang='lat' dir='ltr'><strong>in</strong></span> 
     </span>
     <span class='ocr_line' id='line_1_13' title="bbox 408 1490 2199 1566; baseline -0.002 -16"><span class='ocrx_word' id='word_1_100' title='bbox 408 1493 690 1550; x_wconf 86' lang='lat' dir='ltr'><strong>Kalendas</strong></span> <span class='ocrx_word' id='word_1_101' title='bbox 735 1494 940 1566; x_wconf 90' lang='lat' dir='ltr'><strong>Iunias,</strong></span> <span class='ocrx_word' id='word_1_102' title='bbox 981 1498 1049 1549; x_wconf 91' lang='lat' dir='ltr'><strong>ut</strong></span> <span class='ocrx_word' id='word_1_103' title='bbox 1069 1532 1072 1533; x_wconf 23' lang='grc' dir='ltr'><em>ν</em></span> <span class='ocrx_word' id='word_1_104' title='bbox 1091 1493 1232 1549; x_wconf 86' lang='grc'>1111111</span> <span class='ocrx_word' id='word_1_105' title='bbox 1272 1493 1391 1565; x_wconf 91' lang='lat' dir='ltr'><strong>ipse</strong></span> <span class='ocrx_word' id='word_1_106' title='bbox 1432 1492 1591 1563; x_wconf 86' lang='lat' dir='ltr'><strong>dixit,</strong></span> <span class='ocrx_word' id='word_1_107' title='bbox 1632 1509 1754 1548; x_wconf 88' lang='lat' dir='ltr'><strong>eam</strong></span> <span class='ocrx_word' id='word_1_108' title='bbox 1798 1491 2021 1548; x_wconf 92' lang='lat' dir='ltr'><strong>distulit</strong></span> <span class='ocrx_word' id='word_1_109' title='bbox 2064 1490 2199 1548; x_wconf 88' lang='lat' dir='ltr'><strong>rela-</strong></span> 
     </span>
     <span class='ocr_line' id='line_1_14' title="bbox 406 1589 2197 1663; baseline -0.002 -15"><span class='ocrx_word' id='word_1_110' title='bbox 406 1591 632 1662; x_wconf 87' lang='lat' dir='ltr'><strong>tionem,</strong></span> <span class='ocrx_word' id='word_1_111' title='bbox 664 1609 795 1648; x_wconf 88' lang='lat' dir='ltr'><strong>sane</strong></span> <span class='ocrx_word' id='word_1_112' title='bbox 823 1609 991 1663; x_wconf 89' lang='lat' dir='ltr'><strong>quam</strong></span> <span class='ocrx_word' id='word_1_113' title='bbox 1019 1609 1112 1648; x_wconf 89' lang='lat' dir='ltr'><strong>eos</strong></span> <span class='ocrx_word' id='word_1_114' title='bbox 1139 1608 1417 1648; x_wconf 87' lang='lat' dir='ltr'><strong>sermones</strong></span> <span class='ocrx_word' id='word_1_115' title='bbox 1446 1591 1729 1662; x_wconf 84' lang='lat' dir='ltr'><strong>expressit,</strong></span> <span class='ocrx_word' id='word_1_116' title='bbox 1762 1589 1859 1662; x_wconf 87' lang='lat' dir='ltr'><strong>qui</strong></span> <span class='ocrx_word' id='word_1_117' title='bbox 1886 1589 1954 1646; x_wconf 92' lang='lat' dir='ltr'><strong>de</strong></span> <span class='ocrx_word' id='word_1_118' title='bbox 1983 1607 2047 1646; x_wconf 93' lang='lat' dir='ltr'><strong>eo</strong></span> <span class='ocrx_word' id='word_1_119' title='bbox 2076 1595 2197 1646; x_wconf 91' lang='lat' dir='ltr'><strong>tum</strong></span> 
     </span>
     <span class='ocr_line' id='line_1_15' title="bbox 407 1685 2193 1759; baseline -0.001 -15"><span class='ocrx_word' id='word_1_120' title='bbox 407 1689 646 1759; x_wconf 87' lang='lat' dir='ltr'><strong>fuerunt,</strong></span> <span class='ocrx_word' id='word_1_121' title='bbox 681 1706 806 1744; x_wconf 90' lang='lat' dir='ltr'><strong>cum</strong></span> <span class='ocrx_word' id='word_1_122' title='bbox 835 1687 1044 1745; x_wconf 89' lang='lat' dir='ltr'><strong>Romae</strong></span> <span class='ocrx_word' id='word_1_123' title='bbox 1073 1705 1171 1744; x_wconf 89' lang='lat' dir='ltr'><strong>nos</strong></span> <span class='ocrx_word' id='word_1_124' title='bbox 1209 1705 1467 1744; x_wconf 80' lang='lat' dir='ltr'><strong>essemus,</strong></span> <span class='ocrx_word' id='word_1_125' title='bbox 1555 1686 1607 1743; x_wconf 88' lang='grc'><strong>3.</strong></span> <span class='ocrx_word' id='word_1_126' title='bbox 1654 1686 1740 1742; x_wconf 87' lang='lat' dir='ltr'><strong>Tu</strong></span> <span class='ocrx_word' id='word_1_127' title='bbox 1766 1686 1815 1742; x_wconf 90' lang='lat' dir='ltr'><strong>si</strong></span> <span class='ocrx_word' id='word_1_128' title='bbox 1852 1685 2193 1758; x_wconf 87' lang='lat' dir='ltr'><strong>Pompeium,</strong></span> 
     </span>
     <span class='ocr_line' id='line_1_16' title="bbox 408 1783 2200 1857; baseline -0.001 -15"><span class='ocrx_word' id='word_1_129' title='bbox 408 1790 472 1842; x_wconf 89' lang='lat' dir='ltr'><strong>ut</strong></span> <span class='ocrx_word' id='word_1_130' title='bbox 504 1785 744 1857; x_wconf 86' lang='lat' dir='ltr'><strong>volebas,</strong></span> <span class='ocrx_word' id='word_1_131' title='bbox 777 1785 1074 1856; x_wconf 89' lang='lat' dir='ltr'><strong>offendisti,</strong></span> <span class='ocrx_word' id='word_1_132' title='bbox 1105 1785 1203 1857; x_wconf 88' lang='lat' dir='ltr'><strong>qui</strong></span> <span class='ocrx_word' id='word_1_133' title='bbox 1245 1784 1350 1841; x_wconf 93' lang='lat' dir='ltr'><strong>tibi</strong></span> <span class='ocrx_word' id='word_1_134' title='bbox 1390 1784 1543 1840; x_wconf 86' lang='lat' dir='ltr'><strong>visus</strong></span> <span class='ocrx_word' id='word_1_135' title='bbox 1580 1783 1657 1838; x_wconf 90' lang='lat' dir='ltr'><strong>sit</strong></span> <span class='ocrx_word' id='word_1_136' title='bbox 1698 1788 1755 1840; x_wconf 92' lang='lat' dir='ltr'><strong>et</strong></span> <span class='ocrx_word' id='word_1_137' title='bbox 1792 1801 1959 1854; x_wconf 89' lang='lat' dir='ltr'><strong>quam</strong></span> <span class='ocrx_word' id='word_1_138' title='bbox 2002 1785 2200 1842; x_wconf 90' lang='lat' dir='ltr'><strong>oratio-</strong></span> 
     </span>
     <span class='ocr_line' id='line_1_17' title="bbox 406 1880 2201 1954; baseline 0 -16"><span class='ocrx_word' id='word_1_139' title='bbox 406 1900 532 1938; x_wconf 92' lang='lat' dir='ltr'><strong>nem</strong></span> <span class='ocrx_word' id='word_1_140' title='bbox 573 1881 832 1940; x_wconf 90' lang='lat' dir='ltr'><strong>habuerit</strong></span> <span class='ocrx_word' id='word_1_141' title='bbox 874 1887 1058 1939; x_wconf 90' lang='lat' dir='ltr'><strong>tecum</strong></span> <span class='ocrx_word' id='word_1_142' title='bbox 1101 1899 1378 1954; x_wconf 89' lang='lat' dir='ltr'><strong>quamque</strong></span> <span class='ocrx_word' id='word_1_143' title='bbox 1421 1880 1729 1936; x_wconf 90' lang='lat' dir='ltr'><strong>ostenderit</strong></span> <span class='ocrx_word' id='word_1_144' title='bbox 1770 1880 2201 1938; x_wconf 85' lang='lat' dir='ltr'><strong>voluntatem-</strong></span> 
     </span>
     <span class='ocr_line' id='line_1_18' title="bbox 406 1979 2200 2052; baseline -0.001 -14"><span class='ocrx_word' id='word_1_145' title='bbox 406 1980 546 2038; x_wconf 90' lang='lat' dir='ltr'><strong>solet</strong></span> <span class='ocrx_word' id='word_1_146' title='bbox 589 1981 738 2038; x_wconf 90' lang='lat' dir='ltr'><strong>enim</strong></span> <span class='ocrx_word' id='word_1_147' title='bbox 786 1980 941 2037; x_wconf 89' lang='lat' dir='ltr'><strong>aliud</strong></span> <span class='ocrx_word' id='word_1_148' title='bbox 983 1981 1188 2037; x_wconf 87' lang='lat' dir='ltr'><strong>sentire</strong></span> <span class='ocrx_word' id='word_1_149' title='bbox 1233 1987 1291 2036; x_wconf 90' lang='lat' dir='ltr'><strong>et</strong></span> <span class='ocrx_word' id='word_1_150' title='bbox 1337 1979 1490 2052; x_wconf 89' lang='lat' dir='ltr'><strong>loqui</strong></span> <span class='ocrx_word' id='word_1_151' title='bbox 1532 1996 1709 2051; x_wconf 90' lang='lat' dir='ltr'><strong>neque</strong></span> <span class='ocrx_word' id='word_1_152' title='bbox 1751 1983 1974 2035; x_wconf 89' lang='lat' dir='ltr'><strong>tantum</strong></span> <span class='ocrx_word' id='word_1_153' title='bbox 2016 1979 2200 2036; x_wconf 86' lang='lat' dir='ltr'><strong>valere</strong></span> 
     </span>
     <span class='ocr_line' id='line_1_19' title="bbox 407 2074 2193 2150; baseline -0.001 -16"><span class='ocrx_word' id='word_1_154' title='bbox 407 2078 626 2150; x_wconf 86' lang='lat' dir='ltr'><strong>ingenio</strong></span> <span class='ocrx_word' id='word_1_155' title='bbox 651 2084 717 2135; x_wconf 92' lang='lat' dir='ltr'><strong>ut</strong></span> <span class='ocrx_word' id='word_1_156' title='bbox 745 2096 856 2134; x_wconf 91' lang='lat' dir='ltr'><strong>non</strong></span> <span class='ocrx_word' id='word_1_157' title='bbox 886 2081 1148 2150; x_wconf 81' lang='lat' dir='ltr'><strong>appareat</strong></span> <span class='ocrx_word' id='word_1_158' title='bbox 1169 2075 1304 2148; x_wconf 91' lang='lat' dir='ltr'><strong>quid</strong></span> <span class='ocrx_word' id='word_1_159' title='bbox 1327 2075 1685 2148; x_wconf 85' lang='lat' dir='ltr'><strong>cupiat—fac</strong></span> <span class='ocrx_word' id='word_1_160' title='bbox 1712 2074 1848 2130; x_wconf 92' lang='lat' dir='ltr'><strong>mihi</strong></span> <span class='ocrx_word' id='word_1_161' title='bbox 1877 2077 2193 2148; x_wconf 86' lang='lat' dir='ltr'><strong>perscribas.</strong></span> 
     </span>
     <span class='ocr_line' id='line_1_20' title="bbox 409 2170 2195 2244; baseline -0.001 -14"><span class='ocrx_word' id='word_1_162' title='bbox 409 2175 462 2231; x_wconf 83' lang='lat'><strong>4.</strong></span> <span class='ocrx_word' id='word_1_163' title='bbox 510 2173 669 2242; x_wconf 82' lang='lat' dir='ltr'><strong>Quod</strong></span> <span class='ocrx_word' id='word_1_164' title='bbox 698 2174 769 2230; x_wconf 87' lang='lat' dir='ltr'><strong>ad</strong></span> <span class='ocrx_word' id='word_1_165' title='bbox 809 2173 1116 2243; x_wconf 83' lang='lat' dir='ltr'><strong>Gaesarem,</strong></span> <span class='ocrx_word' id='word_1_166' title='bbox 1149 2172 1326 2229; x_wconf 88' lang='lat' dir='ltr'><strong>crebri</strong></span> <span class='ocrx_word' id='word_1_167' title='bbox 1354 2176 1413 2228; x_wconf 92' lang='lat' dir='ltr'><strong>et</strong></span> <span class='ocrx_word' id='word_1_168' title='bbox 1449 2189 1559 2227; x_wconf 90' lang='lat' dir='ltr'><strong>non</strong></span> <span class='ocrx_word' id='word_1_169' title='bbox 1587 2170 1721 2228; x_wconf 83' lang='lat' dir='ltr'><strong>belli</strong></span> <span class='ocrx_word' id='word_1_170' title='bbox 1747 2171 1817 2228; x_wconf 91' lang='lat' dir='ltr'><strong>de</strong></span> <span class='ocrx_word' id='word_1_171' title='bbox 1844 2189 1908 2228; x_wconf 93' lang='lat' dir='ltr'><strong>eo</strong></span> <span class='ocrx_word' id='word_1_172' title='bbox 1935 2190 2195 2244; x_wconf 75' lang='grc'>1111110166,</span> 
     </span>
     <span class='ocr_line' id='line_1_21' title="bbox 407 2269 2200 2342; baseline -0.001 -14"><span class='ocrx_word' id='word_1_173' title='bbox 407 2272 505 2328; x_wconf 91' lang='lat' dir='ltr'><strong>sed</strong></span> <span class='ocrx_word' id='word_1_174' title='bbox 550 2275 920 2328; x_wconf 88' lang='lat' dir='ltr'><strong>susurratores</strong></span> <span class='ocrx_word' id='word_1_175' title='bbox 947 2271 1244 2327; x_wconf 83' lang='lat' dir='ltr'><strong>dumtaxat</strong></span> <span class='ocrx_word' id='word_1_176' title='bbox 1287 2271 1558 2326; x_wconf 87' lang='lat' dir='ltr'><strong>veniunt:</strong></span> <span class='ocrx_word' id='word_1_177' title='bbox 1629 2269 1769 2326; x_wconf 88' lang='lat' dir='ltr'><strong>alius</strong></span> <span class='ocrx_word' id='word_1_178' title='bbox 1798 2270 2039 2342; x_wconf 89' lang='lat' dir='ltr'><strong>equitem</strong></span> <span class='ocrx_word' id='word_1_179' title='bbox 2082 2288 2200 2342; x_wconf 49' lang='lat' dir='ltr'><strong>per.-</strong></span> 
     </span>
     <span class='ocr_line' id='line_1_22' title="bbox 410 2365 2197 2440; baseline -0.001 -15"><span class='ocrx_word' id='word_1_180' title='bbox 410 2369 631 2440; x_wconf 89' lang='lat' dir='ltr'><strong>didisse,</strong></span> <span class='ocrx_word' id='word_1_181' title='bbox 673 2369 835 2440; x_wconf 92' lang='lat' dir='ltr'><strong>quod,</strong></span> <span class='ocrx_word' id='word_1_182' title='bbox 883 2367 1090 2440; x_wconf 88' lang='lat' dir='ltr'><strong>opinor,</strong></span> <span class='ocrx_word' id='word_1_183' title='bbox 1138 2373 1285 2425; x_wconf 89' lang='lat' dir='ltr'><strong>certe</strong></span> <span class='ocrx_word' id='word_1_184' title='bbox 1322 2368 1517 2425; x_wconf 89' lang='lat' dir='ltr'><strong>fictum</strong></span> <span class='ocrx_word' id='word_1_185' title='bbox 1557 2371 1677 2424; x_wconf 91' lang='lat' dir='ltr'><strong>est:</strong></span> <span class='ocrx_word' id='word_1_186' title='bbox 1721 2365 1861 2423; x_wconf 84' lang='lat' dir='ltr'><strong>alius</strong></span> <span class='ocrx_word' id='word_1_187' title='bbox 1906 2367 2197 2439; x_wconf 89' lang='lat' dir='ltr'><strong>septimam</strong></span> 
     </span>
     <span class='ocr_line' id='line_1_23' title="bbox 409 2464 2201 2540; baseline -0.001 -17"><span class='ocrx_word' id='word_1_188' title='bbox 409 2467 679 2540; x_wconf 86' lang='lat' dir='ltr'><strong>legionem</strong></span> <span class='ocrx_word' id='word_1_189' title='bbox 720 2465 1023 2539; x_wconf 86' lang='lat' dir='ltr'><strong>vapulasse,</strong></span> <span class='ocrx_word' id='word_1_190' title='bbox 1056 2467 1240 2538; x_wconf 86' lang='lat' dir='ltr'><strong>ipsum</strong></span> <span class='ocrx_word' id='word_1_191' title='bbox 1282 2465 1431 2538; x_wconf 90' lang='lat' dir='ltr'><strong>apud</strong></span> <span class='ocrx_word' id='word_1_192' title='bbox 1460 2464 1779 2522; x_wconf 81' lang='lat' dir='ltr'><strong>Bellovacos</strong></span> <span class='ocrx_word' id='word_1_193' title='bbox 1818 2465 2201 2522; x_wconf 89' lang='lat' dir='ltr'><strong>circumsederi</strong></span> 
     </span>
     <span class='ocr_line' id='line_1_24' title="bbox 409 2563 2201 2638; baseline -0.001 -15"><span class='ocrx_word' id='word_1_194' title='bbox 409 2567 768 2624; x_wconf 88' lang='lat' dir='ltr'><strong>interclusum</strong></span> <span class='ocrx_word' id='word_1_195' title='bbox 797 2566 869 2623; x_wconf 86' lang='lat' dir='ltr'><strong>ab</strong></span> <span class='ocrx_word' id='word_1_196' title='bbox 910 2565 1120 2638; x_wconf 89' lang='lat' dir='ltr'><strong>reliquo</strong></span> <span class='ocrx_word' id='word_1_197' title='bbox 1149 2566 1427 2623; x_wconf 90' lang='lat' dir='ltr'><strong>exercitu:</strong></span> <span class='ocrx_word' id='word_1_198' title='bbox 1470 2582 1647 2637; x_wconf 90' lang='lat' dir='ltr'><strong>neque</strong></span> <span class='ocrx_word' id='word_1_199' title='bbox 1674 2563 1856 2620; x_wconf 90' lang='lat' dir='ltr'><strong>adhuc</strong></span> <span class='ocrx_word' id='word_1_200' title='bbox 1884 2565 2018 2620; x_wconf 90' lang='lat' dir='ltr'><strong>certi</strong></span> <span class='ocrx_word' id='word_1_201' title='bbox 2046 2565 2201 2637; x_wconf 87' lang='lat' dir='ltr'><strong>quid-</strong></span> 
     </span>
     <span class='ocr_line' id='line_1_25' title="bbox 411 2661 2200 2737; baseline -0.001 -17"><span class='ocrx_word' id='word_1_202' title='bbox 411 2681 577 2737; x_wconf 89' lang='lat' dir='ltr'><strong>quam</strong></span> <span class='ocrx_word' id='word_1_203' title='bbox 605 2668 691 2720; x_wconf 91' lang='lat' dir='ltr'><strong>est</strong></span> <span class='ocrx_word' id='word_1_204' title='bbox 728 2681 904 2736; x_wconf 91' lang='lat' dir='ltr'><strong>neque</strong></span> <span class='ocrx_word' id='word_1_205' title='bbox 940 2661 1075 2720; x_wconf 87' lang='lat' dir='ltr'><strong>haec</strong></span> <span class='ocrx_word' id='word_1_206' title='bbox 1116 2663 1327 2720; x_wconf 88' lang='lat' dir='ltr'><strong>incerta</strong></span> <span class='ocrx_word' id='word_1_207' title='bbox 1353 2667 1540 2720; x_wconf 90' lang='lat' dir='ltr'><strong>tamen</strong></span> <span class='ocrx_word' id='word_1_208' title='bbox 1570 2661 1737 2733; x_wconf 85' lang='lat' dir='ltr'><strong>vulgo</strong></span> <span class='ocrx_word' id='word_1_209' title='bbox 1776 2661 2070 2733; x_wconf 87' lang='lat' dir='ltr'><strong>iactantur,</strong></span> <span class='ocrx_word' id='word_1_210' title='bbox 2102 2662 2200 2718; x_wconf 91' lang='lat' dir='ltr'><strong>sed</strong></span> 
     </span>
     <span class='ocr_line' id='line_1_26' title="bbox 411 2759 2202 2832; baseline -0.001 -16"><span class='ocrx_word' id='word_1_211' title='bbox 411 2761 556 2816; x_wconf 90' lang='lat' dir='ltr'><strong>inter</strong></span> <span class='ocrx_word' id='word_1_212' title='bbox 583 2777 800 2832; x_wconf 89' lang='lat' dir='ltr'><strong>paucos,</strong></span> <span class='ocrx_word' id='word_1_213' title='bbox 831 2777 968 2832; x_wconf 90' lang='lat' dir='ltr'><strong>quos</strong></span> <span class='ocrx_word' id='word_1_214' title='bbox 1009 2764 1074 2815; x_wconf 92' lang='lat' dir='ltr'><strong>tu</strong></span> <span class='ocrx_word' id='word_1_215' title='bbox 1101 2759 1265 2831; x_wconf 87' lang='lat' dir='ltr'><strong>nosti,</strong></span> <span class='ocrx_word' id='word_1_216' title='bbox 1298 2759 1481 2831; x_wconf 90' lang='lat' dir='ltr'><strong>palam</strong></span> <span class='ocrx_word' id='word_1_217' title='bbox 1519 2763 1727 2816; x_wconf 89' lang='lat' dir='ltr'><strong>secreto</strong></span> <span class='ocrx_word' id='word_1_218' title='bbox 1769 2764 2097 2816; x_wconf 87' lang='lat' dir='ltr'><strong>narrantur:</strong></span> <span class='ocrx_word' id='word_1_219' title='bbox 2139 2763 2202 2815; x_wconf 89' lang='lat' dir='ltr'><strong>at</strong></span> 
     </span>
     <span class='ocr_line' id='line_1_27' title="bbox 412 2853 2195 2929; baseline -0.001 -16"><span class='ocrx_word' id='word_1_220' title='bbox 412 2857 709 2929; x_wconf 89' lang='lat' dir='ltr'><strong>Domitius,</strong></span> <span class='ocrx_word' id='word_1_221' title='bbox 743 2875 868 2912; x_wconf 92' lang='lat' dir='ltr'><strong>cum</strong></span> <span class='ocrx_word' id='word_1_222' title='bbox 905 2874 1102 2912; x_wconf 89' lang='lat' dir='ltr'><strong>manus</strong></span> <span class='ocrx_word' id='word_1_223' title='bbox 1141 2856 1211 2912; x_wconf 90' lang='lat' dir='ltr'><strong>ad</strong></span> <span class='ocrx_word' id='word_1_224' title='bbox 1254 2873 1315 2911; x_wconf 90' lang='lat' dir='ltr'><strong>os</strong></span> <span class='ocrx_word' id='word_1_225' title='bbox 1364 2855 1637 2928; x_wconf 89' lang='lat' dir='ltr'><strong>apposuit.</strong></span> <span class='ocrx_word' id='word_1_226' title='bbox 1725 2854 1777 2911; x_wconf 84' lang='lat'><strong>5.</strong></span> <span class='ocrx_word' id='word_1_227' title='bbox 1824 2854 1902 2910; x_wconf 88' lang='lat' dir='ltr'><strong>Te</strong></span> <span class='ocrx_word' id='word_1_228' title='bbox 1943 2872 1990 2912; x_wconf 86' lang='lat' dir='ltr'><strong>a.</strong></span> <span class='ocrx_word' id='word_1_229' title='bbox 2024 2853 2077 2912; x_wconf 89' lang='lat' dir='ltr'><strong>d.</strong></span> <span class='ocrx_word' id='word_1_230' title='bbox 2111 2869 2195 2912; x_wconf 87' lang='lat' dir='ltr'><strong>1x.</strong></span> 
     </span>
     <span class='ocr_line' id='line_1_28' title="bbox 414 2950 2202 3024; baseline -0.002 -14"><span class='ocrx_word' id='word_1_231' title='bbox 414 2954 538 3010; x_wconf 88' lang='lat' dir='ltr'><strong>Kal.</strong></span> <span class='ocrx_word' id='word_1_232' title='bbox 569 2953 760 3010; x_wconf 88' lang='lat' dir='ltr'><strong>Iunias</strong></span> <span class='ocrx_word' id='word_1_233' title='bbox 789 2953 1364 3024; x_wconf 89' lang='lat' dir='ltr'><strong>subrostrani—quod</strong></span> <span class='ocrx_word' id='word_1_234' title='bbox 1402 2952 1623 3009; x_wconf 88' lang='lat' dir='ltr'><strong>illorum</strong></span> <span class='ocrx_word' id='word_1_235' title='bbox 1652 2951 1822 3023; x_wconf 88' lang='lat' dir='ltr'><strong>capiti</strong></span> <span class='ocrx_word' id='word_1_236' title='bbox 1850 2951 1925 3007; x_wconf 87' lang='lat' dir='ltr'><strong>sit</strong></span> <span class='ocrx_word' id='word_1_237' title='bbox 1948 2950 2202 3007; x_wconf 83' lang='lat' dir='ltr'><strong>!—dissi-</strong></span> 
     </span>
     <span class='ocr_line' id='line_1_29' title="bbox 411 3048 2203 3123; baseline -0.002 -16"><span class='ocrx_word' id='word_1_238' title='bbox 411 3056 610 3123; x_wconf 87' lang='lat' dir='ltr'><strong>parant</strong></span> <span class='ocrx_word' id='word_1_239' title='bbox 637 3052 875 3123; x_wconf 87' lang='lat' dir='ltr'><strong>perisse:</strong></span> <span class='ocrx_word' id='word_1_240' title='bbox 919 3051 1054 3108; x_wconf 92' lang='lat' dir='ltr'><strong>urbe</strong></span> <span class='ocrx_word' id='word_1_241' title='bbox 1082 3068 1145 3106; x_wconf 86' lang='lat' dir='ltr'><strong>ac</strong></span> <span class='ocrx_word' id='word_1_242' title='bbox 1181 3050 1301 3106; x_wconf 90' lang='lat' dir='ltr'><strong>foro</strong></span> <span class='ocrx_word' id='word_1_243' title='bbox 1329 3054 1451 3106; x_wconf 90' lang='lat' dir='ltr'><strong>toto</strong></span> <span class='ocrx_word' id='word_1_244' title='bbox 1478 3051 1754 3106; x_wconf 88' lang='lat' dir='ltr'><strong>maximus</strong></span> <span class='ocrx_word' id='word_1_245' title='bbox 1781 3065 1969 3104; x_wconf 88' lang='lat' dir='ltr'><strong>rumor</strong></span> <span class='ocrx_word' id='word_1_246' title='bbox 2004 3048 2116 3104; x_wconf 88' lang='lat' dir='ltr'><strong>fuit</strong></span> <span class='ocrx_word' id='word_1_247' title='bbox 2144 3053 2203 3104; x_wconf 91' lang='lat' dir='ltr'><strong>te</strong></span> 
     </span>
     <span class='ocr_line' id='line_1_30' title="bbox 411 3145 2199 3219; baseline 0.001 -16"><span class='ocrx_word' id='word_1_248' title='bbox 411 3165 446 3203; x_wconf 88' lang='lat' dir='ltr'><strong>a</strong></span> <span class='ocrx_word' id='word_1_249' title='bbox 487 3146 551 3215; x_wconf 79' lang='lat' dir='ltr'><strong>Q.</strong></span> <span class='ocrx_word' id='word_1_250' title='bbox 598 3146 860 3219; x_wconf 90' lang='lat' dir='ltr'><strong>Pompeio</strong></span> <span class='ocrx_word' id='word_1_251' title='bbox 899 3148 958 3203; x_wconf 90' lang='lat' dir='ltr'><strong>in</strong></span> <span class='ocrx_word' id='word_1_252' title='bbox 999 3147 1196 3204; x_wconf 89' lang='lat' dir='ltr'><strong>itinere</strong></span> <span class='ocrx_word' id='word_1_253' title='bbox 1238 3146 1489 3204; x_wconf 88' lang='lat' dir='ltr'><strong>occisum.</strong></span> <span class='ocrx_word' id='word_1_254' title='bbox 1577 3146 1710 3218; x_wconf 89' lang='lat' dir='ltr'><strong>Ego,</strong></span> <span class='ocrx_word' id='word_1_255' title='bbox 1757 3145 1853 3217; x_wconf 92' lang='lat' dir='ltr'><strong>qui</strong></span> <span class='ocrx_word' id='word_1_256' title='bbox 1894 3145 2087 3201; x_wconf 88' lang='lat' dir='ltr'><strong>scirem</strong></span> <span class='ocrx_word' id='word_1_257' title='bbox 2132 3145 2199 3214; x_wconf 79' lang='lat' dir='ltr'><strong>Q.</strong></span> 
     </span>
     <span class='ocr_line' id='line_1_31' title="bbox 413 3241 2203 3320; baseline -0.001 -20"><span class='ocrx_word' id='word_1_258' title='bbox 413 3243 736 3315; x_wconf 90' lang='lat' dir='ltr'><strong>Pompeium</strong></span> <span class='ocrx_word' id='word_1_259' title='bbox 779 3244 970 3302; x_wconf 89' lang='lat' dir='ltr'><strong>Baulis</strong></span> <span class='ocrx_word' id='word_1_260' title='bbox 1003 3245 1114 3302; x_wconf 90' lang='lat' dir='ltr'><strong>iam</strong></span> <span class='ocrx_word' id='word_1_261' title='bbox 1141 3241 1475 3320; x_wconf 80' lang='grc' dir='ltr'>πεινητικὴν</span> <span class='ocrx_word' id='word_1_262' title='bbox 1515 3244 1705 3315; x_wconf 85' lang='lat' dir='ltr'><strong>facere,</strong></span> <span class='ocrx_word' id='word_1_263' title='bbox 1739 3248 1796 3300; x_wconf 93' lang='lat' dir='ltr'><strong>et</strong></span> <span class='ocrx_word' id='word_1_264' title='bbox 1824 3261 1996 3314; x_wconf 90' lang='lat' dir='ltr'><strong>usque</strong></span> <span class='ocrx_word' id='word_1_265' title='bbox 2024 3260 2103 3309; x_wconf 81' lang='grc'>60,</span> <span class='ocrx_word' id='word_1_266' title='bbox 2136 3247 2203 3299; x_wconf 91' lang='lat' dir='ltr'><strong>ut</strong></span> 
     </span>
    </p>
   </div>
  </div>
 </body>
</html>
