2434 3734
417 276 480 322 34
982 273 1153 323 xv11.
1193 260 1375 341 (ΒΑΜ.
1415 272 1535 322 vn.
1576 259 1629 340 1)

416 426 567 482 Nam
606 426 738 499 quid
777 443 876 496 ego
904 430 960 482 te
989 425 1232 481 athletas
1277 429 1468 496 putem
1511 424 1834 496 desiderare,
1866 426 1959 497 qui
2004 425 2210 498 gladia-

415 529 562 581 tores
603 523 1029 595 contempseris?
1076 524 1134 579 in
1177 523 1379 595 quibus
1419 524 1535 595 ipse
1579 523 1873 594 Pompeius
1916 524 2211 581 confitetur

415 641 474 680 sc
500 626 558 680 et
602 640 821 694 operam
855 625 912 678 et
954 621 1134 678 oleum
1176 621 1494 694 perdidisse.
1580 621 1849 694 Reliquae
1888 628 2021 696 sunt
2047 641 2210 680 vena-

415 720 592 778 tiones
632 720 796 777 binae
828 737 924 792 per
966 720 1082 777 dies
1124 721 1382 793 quinque,
1415 720 1981 792 magnificae—nemo
2022 727 2203 794 negat,

414 818 592 875 —sed
645 836 784 890 quae
839 823 1023 890 potest
1076 818 1288 875 homini
1336 836 1453 875 ense
1501 817 1673 890 polito
1726 819 2037 891 delectatiO,
2082 838 2208 876 cum

415 921 514 973 aut
557 915 721 973 homo
765 916 1070 973 imbecillus
1115 935 1149 972 a
1188 915 1568 973 valentissima
1611 917 1792 973 bestia
1834 916 2077 974 laniatur
2110 923 2209 974 aut

414 1014 691 1086 praeclara
715 1013 896 1071 bestia
923 1013 1196 1072 venabulo
1225 1013 1741 1072 transverberatur?
1809 1013 1963 1084 Quae
2000 1021 2203 1086 tamen,

415 1114 463 1170 si
482 1113 723 1170 videnda
743 1117 890 1183 sunt,
913 1131 1073 1185 saepe
1093 1113 1305 1183 vidisti,
1332 1130 1508 1185 neque
1528 1131 1646 1184 nos,
1671 1113 1768 1185 qui
1787 1112 1922 1170 haec
1943 1115 2209 1186 spectavi-

415 1230 554 1283 mus,
587 1211 891 1284 quidquam
931 1211 1062 1266 novi
1102 1211 1365 1268 vidimus,
1450 1210 1748 1268 Extremus
1790 1211 2209 1284 elephantorum

415 1309 532 1365 dies
587 1308 709 1380 fuit,
759 1309 816 1364 in
858 1326 967 1380 quo
1004 1307 1299 1365 admiratio
1338 1326 1541 1380 magna
1586 1308 1741 1380 vulgi
1781 1314 1949 1381 atque
1993 1310 2205 1383 turbae,

417 1406 710 1462 delectatio
750 1405 905 1462 nulla
933 1406 1166 1464 exstitit.
1256 1405 1403 1475 Quin
1442 1407 1610 1464 etiam
1652 1407 2023 1464 misericordia
2050 1427 2211 1480 quae-

416 1504 544 1561 dam
574 1509 865 1560 consecuta
891 1509 977 1561 est
1005 1509 1172 1577 atque
1200 1505 1386 1576 opinio
1427 1505 1544 1562 eius
1571 1505 1735 1577 modi,
1768 1523 1885 1563 esse
1912 1506 2212 1578 quamdam

416 1600 498 1657 illi
541 1601 733 1659 beluae
762 1620 886 1658 cum
928 1619 1124 1674 genere
1151 1601 1395 1659 humano
1436 1603 1773 1662 societatem.
1861 1603 1914 1662 4.
1962 1604 2070 1660 His
2111 1623 2213 1677 ego

416 1704 605 1756 tamen
654 1699 862 1770 diebus,
895 1699 1042 1757 ludis
1091 1701 1367 1771 scaenicis
1409 1718 1479 1757 ne
1526 1701 1669 1758 forte
1716 1701 1907 1758 videar
1954 1702 2061 1759 tibi
2101 1721 2213 1760 non

416 1796 579 1853 modo
606 1796 816 1868 beatus,
851 1797 947 1855 sed
987 1797 1129 1856 liber
1156 1798 1379 1854 omnino
1406 1798 1591 1870 fuisse,
1624 1799 1806 1871 dirupi
1838 1817 1927 1856 me
1953 1817 2127 1872 paene
2154 1801 2212 1856 in

416 1895 619 1952 iudicio
687 1895 839 1953 Galli
910 1895 1145 1968 Caninii,
1205 1896 1494 1954 familiaris
1556 1897 1657 1955 tui.
1747 1897 1909 1967 Quod
1977 1899 2027 1954 si
2094 1903 2215 1956 tam

416 1993 632 2052 facilem
659 1993 924 2066 populum
955 1993 1229 2066 haberem,
1262 2013 1429 2067 quam
1455 1995 1706 2068 Aesopus
1732 1995 1946 2067 habuit,
1976 1995 2215 2054 libenter

417 2090 724 2149 mehercule
765 2097 943 2149 artem
985 2092 1290 2150 desinerem
1332 2097 1626 2165 tecumque
1668 2097 1727 2150 et
1767 2111 1893 2150 cum
1938 2094 2215 2152 similibus

418 2189 594 2246 nostri
630 2190 891 2248 viverem.
978 2191 1129 2247 Nam
1173 2208 1262 2247 me
1305 2208 1429 2246 cum
1472 2195 1638 2248 antea
1679 2191 1957 2264 taedebat,
1990 2210 2115 2248 cum
2156 2197 2215 2248 et

418 2292 571 2344 aetas
609 2291 667 2344 et
695 2287 926 2344 ambitio
966 2305 1055 2344 me
1082 2287 1413 2345 hortabatur
1440 2294 1498 2345 et
1539 2287 1743 2346 licebat
1770 2288 2006 2361 denique
2048 2308 2214 2363 quem

418 2383 672 2442 nolebam
699 2403 810 2441 non
851 2385 1154 2454 defendere,
1188 2390 1311 2442 tum
1339 2403 1470 2443 vero
1498 2385 1601 2442 hoc
1628 2391 1873 2458 tempore
1913 2387 2035 2444 vita
2060 2386 2215 2444 nulla

419 2487 518 2541 est.
608 2483 803 2555 Neque
858 2483 1006 2540 enim
1060 2483 1304 2541 fructum
1359 2483 1536 2540 ullum
1591 2484 1794 2541 laboris
1850 2489 2103 2557 exspecto
2158 2490 2215 2542 et

419 2598 580 2653 cogor
606 2598 715 2636 non
758 2598 1061 2653 numquam
1088 2580 1338 2638 homines
1380 2600 1489 2638 non
1518 2581 1725 2654 optime
1764 2581 1832 2639 de
1859 2599 1949 2638 me
1989 2583 2215 2639 meritos

419 2683 616 2752 rogatu
638 2696 840 2750 eorum,
867 2679 962 2751 qui
989 2679 1128 2736 bene
1151 2679 1337 2735 meriti
1368 2683 1515 2750 sunt,
1541 2679 1847 2746 defendere.
1916 2680 1969 2738 5.
2017 2680 2215 2752 Itaque

420 2795 621 2850 quaero
665 2795 855 2834 causas
901 2795 1088 2834 omnes
1133 2777 1431 2849 aliquando
1479 2777 1705 2834 vivendi
1748 2777 2024 2835 arbitratu
2072 2796 2211 2850 me0,

420 2881 586 2948 teque
613 2879 672 2932 et
711 2875 879 2932 istam
915 2875 1185 2931 rationem
1214 2874 1317 2931 otii
1358 2875 1444 2930 tui
1472 2879 1531 2931 et
1557 2874 1723 2931 laudo
1763 2874 2118 2932 vehementer
2158 2881 2218 2938 et

421 2973 605 3046 probe,
651 2973 907 3046 quodque
963 2991 1062 3030 nos
1117 2972 1301 3028 minus
1357 2972 1655 3044 intervisis,
1705 2971 1809 3028 hoc
1862 2972 1978 3029 fero
2032 2974 2218 3030 animo

421 3071 690 3144 aequiore,
723 3070 885 3143 quod,
917 3071 965 3128 si
1007 3071 1216 3128 Romae
1259 3088 1419 3142 essee,
1452 3074 1640 3127 tamen
1680 3088 1857 3142 neque
1894 3088 1993 3127 nos
2034 3069 2218 3143 lepore

421 3175 520 3226 tuo
561 3185 738 3240 neque
765 3169 953 3226 te-si
981 3169 1078 3241 qui
1106 3173 1192 3226 est
1220 3168 1277 3224 in
1320 3186 1612 3225 me—meo
1640 3169 1749 3224 frui
1775 3168 1966 3225 liceret
1993 3174 2218 3240 propter

423 3266 837 3324 molestissimas
879 3268 1260 3339 occupationes
1300 3284 1485 3324 meas:
1528 3266 1728 3338 quibus
1756 3266 1804 3322 si
1845 3283 1933 3323 me
1971 3265 2219 3324 relaxaro
