2434 3734
784 247 1030 298 Lxxm.
1070 236 1256 317 (ΒΑΜ.
1293 247 1385 298 x1.
1423 234 1512 313 28)
1948 249 2039 302 117

257 418 433 473 neque
481 400 702 459 honoris
752 418 929 474 neque
975 402 1239 475 pecuniae
1296 402 1584 461 dulcedine
1632 422 1755 461 sum
1811 409 2039 478 captus:
2076 394 2107 475 k

185 565 195 575 .
255 498 456 573 quibus
495 498 754 573 praemiis
794 498 1008 573 reliqui,
1041 499 1224 556 minus
1262 500 1411 573 apud
1438 518 1563 559 eum
1594 519 1761 574 quam
1790 520 1891 574 ego
1918 521 2042 561 cum

253 600 494 670 possent,
565 595 923 653 immoderate
991 601 1124 653 sunt
1191 596 1366 654 abusi.
1468 597 1656 670 Atque
1718 600 1889 657 etiam
1956 587 2248 713 ressqul
2258 556 2434 655 Μ

255 692 542 751 familiaris
569 710 692 750 mea
716 692 836 765 lege
864 690 1116 751 Caesaris
1145 692 1435 751 deminuta
1466 698 1567 765 est,
1597 695 1752 752 cuius
1781 673 2154 778 beneficioa‘sf·
2172 682 2318 800 W!
2298 693 2370 793 a
2368 688 2434 737 ἓ*

255 789 517 863 plerique,
561 790 659 862 qui
701 788 950 847 Caesaris
996 794 1176 847 morte
1216 789 1511 863 laetantur,
1564 797 1944 850 remanserunt
1983 793 2042 851 in
2173 856 2183 863 ,
2191 828 2226 892 s
2248 806 2415 869 Q,

255 887 498 946 civitate.
587 886 818 945 Civibus
857 887 1024 945 victis
1051 892 1119 945 ut
1145 890 1463 961 parceretur
1502 905 1676 961 aeque
1703 906 1768 947 ac
1793 906 1893 962 pro
1920 907 2043 947 mea
2269 930 2281 985 ί
2326 870 2427 983 ἐξ)

0 1010 21 1030 a
44 972 434 1075 wsalute
460 983 721 1043 laboravi.
811 984 869 1043 3.
912 984 1147 1041 Possum
1188 984 1377 1058 igitur,
1407 984 1505 1058 qui
1546 1002 1735 1043 omnes
1774 986 2042 1045 voluerim
2082 952 2223 1075 {4⁴
2243 1018 2288 1055 -,-
2301 1010 2327 1058 ⁸c
2396 1028 2409 1041 ,

0 1059 33 1083 ³⁹
254 1081 572 1153 incolumes,
625 1098 766 1151 eum,
816 1099 853 1138 a
892 1098 1002 1153 quo
1048 1081 1109 1138 id
1155 1081 1519 1155 impetratum
1560 1086 1661 1152 est,
1686 1082 1893 1155 perisse
1931 1100 2041 1141 non
2110 1075 2196 1191 ff*
2217 1078 2255 1117 ι(
2271 1082 2293 1119 <
2359 1068 2434 1119 ζ’

253 1179 570 1252 indignari?
609 1196 734 1236 cum
760 1179 1084 1253 praesertim
1110 1179 1283 1238 iidem
1322 1179 1574 1237 homines
1600 1179 1686 1237 illi
1712 1185 1773 1237 et
1798 1180 2042 1239 invidiae

255 1283 314 1335 et
367 1277 538 1335 exitio
592 1276 838 1334 fuerInt‘l
918 1276 1187 1335 Flecteris
1244 1295 1391 1351 erg0,
1447 1278 1723 1351 inquiunt,
1781 1279 2042 1352 quoniam

255 1375 468 1433 factum
494 1376 747 1431 nostrum
787 1373 1099 1446 improbare
1138 1373 1324 1433 audes.
1413 1374 1461 1431 Ο
1490 1374 1805 1449 superbiam
1831 1376 2043 1435 inaudi-

256 1476 392 1543 tam,
436 1470 574 1528 alios
618 1471 677 1527 in
725 1470 964 1528 facinore
1018 1470 1260 1543 gloriari,
1321 1471 1445 1529 aliis
1485 1489 1555 1531 ne
1594 1472 1777 1531 dolere
1817 1473 2040 1547 quidem

257 1568 526 1641 impunite
578 1567 776 1625 licere!
856 1566 939 1625 At
991 1568 1127 1626 haec
1181 1569 1353 1627 etiam
1393 1569 1566 1627 servis
1608 1588 1823 1644 semper
1869 1571 2043 1629 libera

257 1666 500 1736 fuerunt,
554 1670 620 1723 ut
675 1665 952 1736 timerent,
1007 1666 1329 1739 gauderent,
1388 1665 1637 1725 dolerent
1692 1684 1791 1725 suo
1858 1669 2043 1741 potius

255 1780 423 1835 quarn
477 1760 704 1819 alterius
758 1762 1024 1822 arbitrio:
1081 1780 1223 1836 quae
1290 1780 1452 1833 nunc,
1520 1767 1589 1820 ut
1656 1764 1879 1836 quidem
1946 1764 2043 1822 isti

256 1859 520 1915 dictitant
559 1856 835 1915 libertatis
879 1862 1143 1930 auctores,
1173 1862 1330 1916 metu
1366 1859 1525 1917 nobis
1554 1863 1878 1932 extorquere
1920 1878 2043 1919 con-

255 1961 436 2016 antur.
525 1954 634 2013 Sed
677 1954 819 2011 nihil
845 1959 1035 2028 agtmt.
1124 1955 1177 2013 4.
1226 1956 1456 2014 Nullius
1498 1975 1765 2030 umquam
1812 1958 2041 2032 periculi

255 2052 554 2111 terroribus
581 2050 654 2109 ab
682 2051 856 2109 officio
884 2056 984 2109 aut
1011 2052 1084 2109 ab
1117 2051 1470 2112 humanitate
1511 2053 1847 2127 desciscam3
1888 2072 2041 2113 num-

254 2168 421 2225 quam
471 2150 617 2207 enim
662 2148 953 2207 honestam
1001 2154 1239 2207 mortem
1278 2150 1615 2223 fugiendam,
1666 2169 1828 2226 saepe
1872 2152 2042 2211 etiam

255 2246 620 2320 oppetendam
668 2247 879 2318 putavi.
968 2245 1079 2305 Sed
1126 2246 1263 2320 quid
1309 2248 1449 2305 mihi
1494 2252 1830 2318 suscensent,
1880 2250 1930 2306 si
1984 2249 2043 2307 id

255 2348 402 2417 opt0‚
450 2348 518 2400 ut
559 2343 844 2416 paeniteat
891 2360 982 2401 eos
1023 2344 1112 2399 sui
1151 2344 1329 2401 facti?
1411 2344 1587 2417 Cupio
1615 2346 1762 2403 enim
1791 2344 2041 2405 Caesaris

255 2445 488 2498 mortem
517 2438 772 2497 omnibus
793 2457 911 2497 esse
938 2440 1133 2497 acerba
1191 2485 1204 2497 .
1287 2442 1369 2500 At
1388 2441 1562 2500 debeo
1581 2460 1681 2515 pro
1708 2443 1859 2501 civili
1884 2450 2042 2518 parte

254 2556 370 2595 rem
396 2536 674 2611 publicam
716 2536 858 2595 velle
898 2537 1125 2596 salvam.
1363 2538 1549 2596 uidem
1574 2558 1664 2597 me
1692 2558 1903 2614 cupere,
1935 2542 2044 2598 nisi

256 2638 315 2690 et
340 2639 471 2690 ante
497 2638 624 2691 acta
649 2635 769 2691 vita
795 2639 853 2691 et
881 2633 1092 2707 reliqua
1131 2653 1259 2693 mea
1296 2654 1421 2709 spes
1549 2616 2046 2710 ‘mm
2101 2707 2111 2717 ,

256 2731 485 2789 dicendo
530 2733 748 2789 vincere
794 2750 905 2789 non
951 2733 1188 2806 postulo.
1292 2734 1344 2791 5.
1392 2734 1518 2803 Qua
1561 2752 1620 2791 re
1666 2735 1929 2793 maiorem
1984 2736 2043 2792 in

257 2827 481 2885 modum
503 2834 560 2885 te
587 2846 735 2902 rogo,
755 2835 823 2885 ut
848 2847 965 2886 rem
991 2831 1264 2904 potiorem
1292 2832 1538 2888 oratione
1565 2831 1751 2905 ducas,
1776 2832 2041 2905 mihique,

256 2926 306 2983 si
331 2926 503 2983 sentis
525 2927 777 3000 expedire
804 2932 951 2985 recte
977 2928 1112 2999 fieri,
1143 2928 1333 2985 credas
1360 2928 1569 2985 nullam
1608 2930 2041 2987 communionem

256 3039 384 3080 cum
410 3022 673 3096 improbis
700 3041 820 3081 esse
838 3041 1011 3097 posse.
1100 3025 1208 3097 An,
1242 3025 1389 3098 quod
1415 3024 1727 3083 adolescens
1767 3027 2037 3099 praestiti,

259 3137 386 3177 cum
412 3120 582 3177 etiam
610 3138 786 3177 errare
815 3139 939 3178 cum
967 3122 1318 3179 excusatione
1344 3139 1575 3195 possem,
1606 3121 1677 3212 id,
1694 3140 1838 3179 nunc
1859 3128 2042 3181 aetate

137 3237 158 3290 4
263 3218 622 3290 praecipitata
677 3223 1010 3275 commutem
1069 3236 1134 3274 ac
1202 3236 1291 3276 me
1358 3219 1475 3291 ipse
1571 3192 1858 3333 cibiratffiss
1912 3220 2043 3277 Non

145 3302 169 3339 5¹
221 3329 276 3365 ⁴³2
314 3304 501 3371 kjssm'„
531 3342 556 3375 ο
