2434 3734
376 302 396 352 ἲ
440 248 500 297 96
551 116 766 358 ses]
1002 248 1165 298 Lvu.
1206 236 1389 317 (ΕΔΜ.
1429 249 1538 299 xv.
1578 238 1665 320 16)

736 477 920 535 LVII.
961 477 1058 535 ΤΟ
1103 477 1426 538 CASSIUS
1472 478 1651 557 (Em.
1693 497 1795 538 xv.
1843 480 1943 560 16)

641 635 836 691 ROME,
873 635 1063 683 A.U.c.
1100 633 1231 694 7093
1276 637 1395 685 Ro.
1436 637 1534 696 45;
1579 638 1720 686 Am.
1764 640 1882 688 010.
1925 640 1983 688 61

395 781 418 861 l
513 777 582 823 Μ.
607 775 770 823 Cicero
791 775 919 823 ridet
941 776 1187 835 opiniones
1210 776 1553 837 Epicureorum
1576 782 1626 827 et
1657 779 1819 839 ipsum
1842 780 2059 827 Cassium
2082 781 2232 829 disci-

289 855 592 1015 )linae
613 854 872 914 Epicureae
895 854 1179 902 studiosum.

63 2904 291 2973 &92⁴0

536 996 583 1052 1.
625 995 772 1052 Puto
801 999 858 1052 te
877 1014 990 1051 iam
1007 994 1334 1067 suppudere,
1359 1013 1484 1052 cum
1506 995 1641 1054 haec
1660 997 1830 1054 tertia
1854 996 1967 1053 iam
1989 998 2231 1071 epistola

429 1097 559 1151 ante
594 1097 653 1150 te
693 1093 1022 1166 oppresserit
1062 1110 1229 1165 quam
1271 1098 1337 1149 tu
1377 1092 1585 1151 scidam
1620 1098 1721 1151 aut
1758 1094 2020 1154 litteram.
2110 1096 2229 1154 Sed

428 1208 538 1247 non
566 1207 768 1261 urgeo:
809 1189 1080 1261 longiores
1107 1190 1255 1246 enim
1284 1190 1611 1262 exspectabo
1638 1191 1730 1248 vel
1767 1191 1955 1264 potius
1982 1192 2222 1265 exigam.

428 1287 549 1360 Ego
592 1287 640 1343 si
667 1304 881 1359 semper
923 1285 1183 1343 haberem
1230 1288 1319 1343 cui
1362 1286 1566 1361 darem,
1614 1287 1706 1346 vel
1752 1292 1937 1347 ternas
1983 1290 2043 1346 in
2083 1290 2227 1348 hora

426 1383 628 1441 darem.
704 1382 798 1439 Fit
819 1382 966 1439 enim
987 1382 1167 1439 nescio
1184 1383 1282 1455 qui
1300 1387 1368 1439 ut
1387 1385 1545 1456 quasi
1566 1402 1747 1441 coram
1767 1384 1955 1442 adesse
1974 1386 2217 1462 videare,

426 1499 554 1538 cum
573 1480 752 1536 scribo
771 1478 981 1552 aliquid
1003 1479 1074 1536 ad
1095 1483 1168 1551 te,
1186 1497 1365 1552 neque
1384 1480 1443 1537 id
1467 1482 1588 1537 κατ’
1613 1477 1856 1538 εἰδώλων
1873 1482 2217 1557 φαντασίας,

424 1583 490 1635 ut
530 1578 724 1636 dicunt
761 1579 848 1635 tui
887 1578 1052 1635 amici
1092 1578 1239 1650 novi,
1270 1578 1368 1650 qui
1406 1583 1611 1651 putant
1650 1580 1820 1637 etiam
1860 1578 2225 1656 διανοητικᾶς

426 1672 747 1749 φαντασίας
773 1676 1004 1750 spectris
1031 1675 1284 1734 Oatianis
1310 1677 1551 1733 excitari.
1632 1677 1797 1750 Nam,
1827 1695 1899 1735 ne
1930 1683 1989 1735 te
2015 1679 2215 1753 fugiat,

426 1774 621 1832 Catius
643 1773 892 1846 Insuber,
915 1773 1232 1845 Epicureus,
1257 1773 1355 1845 qui
1374 1789 1548 1845 nuper
1568 1791 1627 1829 es
1732 1779 1939 1846 ortuus‚
1960 1792 2101 1847 quae
2121 1776 2219 1835 ille

425 1870 750 1943 Gargettius
778 1876 836 1929 et
876 1871 989 1928 iam
1030 1874 1160 1928 ante
1189 1870 1549 1948 Democritus
1576 1892 1602 1925 ε
1830 1872 1920 1928 hic
1952 1878 2219 1946 spectra

424 1970 686 2027 nominat.
770 1969 822 2027 2.
870 1969 979 2026 His
1020 1973 1208 2026 autem
1250 1969 1481 2042 spectris
1522 1969 1691 2025 etiam
1719 1970 1768 2031 si
1808 1970 1950 2027 oculi
1990 1978 2217 2043 possent

424 2065 588 2138 feriri,
610 2066 758 2138 quod
775 2084 916 2139 quae
931 2066 1072 2123 velis
1092 2067 1214 2139 ipsa
1233 2066 1538 2137 incurrunt,
1565 2066 1783 2123 animus
1803 2068 1898 2139 qui
1918 2070 2093 2139 possit
2114 2087 2217 2143 ego

423 2183 533 2220 non
559 2163 735 2221 vide0.
822 2163 1035 2221 Doceas
1063 2168 1130 2220 tu
1157 2181 1247 2221 me
1273 2163 1567 2236 oportebit,
1598 2180 1723 2220 cum
1751 2163 1937 2221 salvus
1977 2168 2209 2239 veneris,

325 2294 332 2303 ·
423 2262 481 2318 in
508 2278 701 2318 meane
727 2264 1006 2333 potestate
1034 2261 1111 2317 sit
1137 2264 1417 2334 spectrum
1455 2265 1633 2332 tuum,
1665 2265 1747 2334 ut,
1778 2260 1945 2318 simul
1984 2280 2049 2319 ac
2072 2264 2213 2321 mihi

424 2358 732 2415 collibitum
760 2358 837 2414 sit
873 2358 942 2414 de
984 2362 1042 2414 te
1071 2358 1326 2430 cogitare,
1357 2357 1498 2413 illud
1539 2358 1797 2430 incurrat,
1828 2376 2006 2431 neque
2032 2360 2213 2418 solum

423 2455 491 2512 de
519 2459 590 2527 tc,
625 2456 721 2528 qui
747 2454 886 2511 mihi
913 2454 1104 2511 haeres
1129 2455 1190 2511 in
1209 2453 1485 2525 medullis,
1515 2453 1627 2526 sed,
1652 2454 1701 2511 si
1728 2455 1967 2513 insulam
1994 2456 2213 2515 Britan-

420 2553 571 2608 niam
619 2569 843 2625 coepero
885 2551 1141 2623 cogitare‚
1187 2552 1306 2609 eius
1348 2547 1585 2606 εἴδωλον
1622 2550 1761 2607 mihi
1807 2551 2092 2610 advolabit
2139 2555 2212 2611 ad

421 2649 650 2722 pectus'l
732 2648 784 2705 3.
832 2647 944 2705 Sed
990 2647 1124 2705 haec
1165 2648 1452 2720 posterius.
1539 2648 1774 2721 Tempto
1814 2650 1960 2706 enim
2002 2655 2061 2707 te
2101 2669 2212 2724 quo

423 2747 606 2804 animo
647 2747 896 2819 accipias.
984 2745 1046 2803 Si
1073 2746 1221 2802 enim
1248 2746 1659 2803 stomachabere
1686 2751 1744 2804 et
1784 2746 2013 2805 moleste
2050 2748 2207 2821 feres,

397 2844 581 2917 plura
607 2844 849 2901 dicemus
876 2842 1405 2916 postulabimusque,
1438 2860 1507 2900 ex
1532 2860 1645 2916 qua
1671 2839 1882 2917 αἱρέσει
1922 2859 1992 2901 VI
2029 2860 2211 2903 Hom-

381 2957 607 3006 mnus
648 2956 919 2998 ARMATIS
947 2940 1191 2997 deiectus
1232 2941 1323 3013 sis,
1354 2941 1413 2997 in
1442 2958 1565 2997 eam
1605 2941 2068 3000 restituare.1n
2106 2943 2209 3001 hoc

214 3028 286 3075 (-
339 3060 391 3113 J
409 3038 716 3095 interdicto
742 3056 853 3095 non
881 3037 1021 3095 solet
1062 3036 1192 3094 addi
1234 3053 1305 3093 IN
1334 3052 1453 3093 noo
1482 3053 1665 3095 Aru-10.
1755 3036 1879 3107 Qua
1913 3055 1971 3095 re
2007 3039 2056 3095 si
2096 3039 2208 3099 iam

223 3098 301 3147 εὖ

423 3136 702 3192 biennium
725 3140 825 3193 aut
845 3135 1144 3192 triennium
1173 3138 1275 3206 est,
1300 3152 1424 3191 cum
1446 3135 1647 3191 virtuti
1666 3136 1926 3191 nuntium
1946 3137 2209 3196 remisisti

421 3231 697 3290 delenitus
733 3232 1005 3290 illecebris
1046 3232 1367 3305 voluptatis,
1408 3233 1467 3288 in
1510 3232 1726 3305 integro
1762 3249 1849 3289 res
1884 3231 2043 3291 nobis
2080 3236 2201 3296 erit.
