2434 3734
807 292 1047 343 XXXVI.
1085 282 1255 361 (ATT.
1300 292 1385 343 v1.
1424 280 1479 361 4)
1967 294 2027 343 65

239 449 447 506 incidit.
561 449 630 505 In
687 449 772 505 his
841 449 1099 505 inventae
1153 452 1286 504 sunt
1340 448 1581 520 quinque
1649 446 2030 519 imagunculae

237 552 629 617 matronarum,
673 547 732 604 in
781 546 982 618 quibus
1028 564 1140 603 una
1187 546 1385 602 sororis
1434 544 1596 602 amici
1644 546 1745 616 tui,
1791 545 2028 603 hominis

241 646 255 674 ‘
273 644 462 717 bruti,'
491 645 587 717 qui
630 644 732 701 hoc
768 648 976 716 utatur,
1010 647 1069 701 et
1109 644 1297 700 uxoris
1322 642 1473 700 illius
1506 645 1520 673 ‘
1537 642 1742 715 lepidi,'
1771 644 1867 716 qui
1896 644 2029 701 haec

235 747 353 799 tam
401 741 752 815 neglegenter
799 740 956 798 ferat.
1065 742 1221 798 Haec
1270 745 1328 797 te
1375 740 1526 798 volui
1581 740 2022 816 παριστορῆσαι.

235 839 440 897 Sumus
467 840 613 896 enim
642 840 804 896 ambo
831 838 975 896 belle
995 839 1208 897 curiosi.
1297 838 1390 896 26.
1438 838 1631 895 Unum
1660 840 1829 895 etiam
1857 838 2026 897 velim

232 939 452 1010 cogites.
561 937 744 994 Audio
819 937 1064 1010 Appium
1133 932 1434 1011 πρόπυλον
1502 936 1761 994 Eleusine
1828 937 2021 996 facere.

233 1036 389 1093 Num
444 1037 620 1109 inepti
672 1054 772 1092 nos
826 1035 1106 1107 fuerimus,
1167 1036 1214 1093 si
1270 1053 1369 1092 nos
1423 1052 1640 1109 quoque
1694 1035 2026 1094 Academiae

231 1134 558 1192 fecerimus?
639 1134 801 1206 Puto,
853 1134 1083 1207 inquies,
1171 1133 1319 1205 Ergo
1366 1133 1425 1189 id
1473 1132 1654 1205 ipsum
1702 1134 1906 1191 scribes
1952 1135 2025 1192 ad

229 1250 333 1290 me.
444 1232 716 1304 Equidem
764 1231 926 1289 valde
972 1232 1119 1305 ipsas
1161 1230 1415 1288 Athenas
1469 1250 1607 1289 amc.
1711 1231 1853 1289 Volo
1908 1250 2024 1290 esse

231 1330 457 1404 aliquod
506 1334 926 1387 monumentum
980 1346 1178 1387 meum.
1263 1329 1372 1386 Odi
1428 1329 1595 1386 falsas
1641 1330 2024 1402 inscriptiones

229 1432 543 1485 statuarum
571 1427 887 1485 alienarum.
975 1426 1087 1485 Sed
1119 1432 1186 1484 ut
1212 1427 1320 1484 tibi
1346 1427 1603 1500 placebit,
1636 1427 1909 1502 faciesque
1935 1445 2024 1487 me

229 1526 288 1582 in
316 1543 480 1599 quem
509 1525 654 1582 diem
681 1525 932 1583 Romana
961 1525 1211 1582 incidant
1233 1525 1498 1596 mysteria
1518 1525 1801 1583 certiorem
1829 1530 1888 1582 et
1914 1543 2024 1599 quo
2102 1562 2109 1569 -

229 1624 393 1683 modo
447 1623 722 1682 hiemaris.
838 1622 986 1681 Oura
1039 1627 1105 1680 ut
1172 1622 1373 1681 valeas.
1486 1623 1623 1681 Post
1678 1623 2022 1681 Leuctricam

230 1739 474 1795 pugnam
502 1721 592 1778 die
618 1721 1103 1794 septingentesimo
1130 1720 1469 1793 sexagesimo
1497 1720 1707 1793 quinto,

325 1992 602 2050 XXXVI.
651 1992 748 2050 ΤΟ
791 1992 1144 2066 ATTIGUS,
1177 2010 1261 2051 011
1302 2009 1404 2050 ms
1445 2010 1589 2051 WAY
1629 2010 1703 2051 'ro
1744 1994 1925 2051 Rom:

924 2083 1092 2162 (Azr'r.
1138 2103 1223 2143 VI.
1272 2083 1335 2164 4)

428 2215 688 2272 TARSUS,
722 2216 914 2265 A-tm.
955 2214 1082 2274 7043
1127 2216 1247 2265 Rc,
1288 2216 1385 2275 503
1430 2217 1570 2265 Am.
1609 2218 1726 2265 010.
1762 2219 1824 2268 56

311 2345 378 2392 M.
408 2345 570 2392 Cicero
593 2346 757 2392 Attico
780 2346 948 2394 scribit
969 2360 1020 2392 se
1041 2346 1241 2392 Tarsum
1257 2344 1441 2391 venisse
1463 2347 1513 2391 et
1535 2359 1643 2392 cum
1666 2346 1726 2393 de
1747 2347 1854 2393 aliis
1876 2348 2018 2396 rebus

229 2426 334 2469 tum
357 2423 417 2469 de
433 2437 490 2469 eo
505 2423 765 2470 sollicitum
788 2437 905 2482 esse,
927 2438 1068 2483 quem
1085 2423 1356 2484 provinciae
1372 2422 1615 2482 praeficiat
1630 2424 1682 2470 in
1699 2425 1893 2473 decessu
1910 2440 2011 2487 suo,

229 2501 271 2547 ei
295 2500 454 2547 omnia
475 2514 576 2558 sua,
605 2501 797 2560 quando
819 2502 1020 2548 Romam
1043 2503 1240 2560 venerit,
1270 2502 1587 2559 commendat,
1616 2503 1674 2549 de
1706 2518 1757 2550 re
1780 2517 1867 2551 sua
1896 2504 2015 2551 fam·

228 2578 366 2637 iliari,
392 2592 535 2638 quam
553 2580 770 2639 sequenti
789 2579 992 2639 epistola
1008 2579 1202 2626 uberius
1220 2580 1443 2640 explicat,
1461 2580 1807 2642 μυστικῶν-ερον
1825 2582 2016 2629 Graecis

228 2657 383 2703 verbis
406 2657 584 2705 scribit.

331 2795 381 2852 1.
429 2795 659 2851 Tarsum
715 2795 966 2852 venimus
1022 2794 1200 2852 Nonis
1258 2794 1449 2854 Iuniis.
1563 2795 1653 2853 Ibi
1706 2814 1796 2853 me
1837 2797 2017 2855 multa

228 2898 552 2949 moverunt:
595 2909 854 2964 magnum
903 2892 962 2948 in
1005 2891 1164 2965 Syria
1210 2891 1436 2964 bellum,
1481 2909 1681 2963 magna
1719 2892 1777 2947 in
1821 2892 2016 2951 Cilicia

230 2989 531 3067 latrocinia,
565 2990 703 3045 mihi
733 2988 970 3046 difficilis
997 2991 1139 3047 ratio
1167 2990 1609 3061 administrandi,
1639 2990 1785 3062 quod
1811 3008 2014 3064 paucos

229 3086 341 3144 dies
382 3086 654 3143 habebam
691 3085 928 3159 reliquos
968 3088 1137 3143 annui
1177 3086 1434 3159 muneris,
1466 3086 1606 3143 illud
1646 3092 1831 3144 autem
1873 3088 2012 3147 diffi-

231 3182 534 3241 cillimum:
591 3181 980 3255 relinquendus
1036 3188 1156 3240 erat
1210 3202 1280 3241 ex
1333 3188 1558 3240 senatus
1612 3184 1861 3241 consulto
1916 3188 2012 3260 qui

231 3284 514 3351 praeesset.
601 3279 762 3336 Nihil
802 3280 985 3337 minus
1026 3280 1245 3353 probari
1288 3284 1505 3353 poterat
1546 3299 1712 3353 quam
1754 3288 2012 3355 quaestor

1094 3402 1130 3444 F
