2434 3734
412 244 506 294 118
945 238 1184 289 Lxxm.
1226 226 1411 306 (EAM.
1450 240 1540 289 x1.
1579 232 1667 307 28)

408 397 622 467 faciam,
665 412 842 467 neque
890 394 1038 467 quod
1085 393 1373 467 displiceat
1419 395 1764 451 committam
1812 398 2209 468 praeterquam

328 563 330 567 ,
410 494 558 567 quod
611 492 848 550 hominis
902 490 1042 549 mihi
1096 490 1533 547 coniunctissimi
1586 509 1651 547 ac
1702 490 1811 548 viri
1872 491 2209 564 amplissimi

409 590 567 648 doleo
612 606 837 663 gravem
885 605 1086 645 casum.
1177 586 1336 656 Quod
1378 587 1429 644 si
1475 586 1639 645 aliter
1676 605 1853 645 essem
1901 589 2207 662 animatus,

410 706 711 762 numquam
751 687 899 761 quod
938 687 1174 744 facerem
1213 703 1485 758 negarem,
1518 704 1589 743 ne
1615 690 1674 743 et
1699 686 1758 741 in
1785 686 2058 759 peccando
2098 688 2207 744 im-

408 806 475 861 pr
506 788 612 845 bus
639 790 698 844 et
721 786 783 843 in
809 784 1206 843 dissimulando
1235 783 1465 841 timidus
1505 801 1570 842 ac
1617 802 1793 841 vanus
1905 785 1919 797 ‘
1950 785 2200 844 timaret.

409 806 593 1041 0:32³(
635 882 812 956 ludos,
901 900 1001 940 uos
1051 881 1303 940 Caesaris
1342 882 1605 939 victoriae
1634 802 2207 941 Ossssfflolescens
2350 926 2419 962 ³-

408 984 462 1041 fe
496 984 558 1052 't,
585 999 774 1039 curav-1
929 985 955 1038 t
982 979 1041 1037 id
1067 979 1140 1037 ad
1165 979 1447 1052 privatum
1475 979 1617 1037 offici
1714 1025 1729 1052 ,
1745 997 1859 1065 gon
1886 980 1959 1038 ad
1985 952 2420 1038 statqu,

321 1133 325 1137 .
407 1082 488 1139 rei
526 1079 780 1155 publicae
823 1078 1080 1152 pertinet.
1168 1075 1330 1147 Quod
1376 1081 1566 1135 tamen
1859 1083 1917 1135 et
1960 1078 2205 1136 hominis

409 1178 920 1279 midssffiffim
986 1176 1000 1189 ⁶
1117 1179 1288 1247 atque
1335 1174 1635 1232 honoribus
1688 1096 1967 1248 ΡΜ
2026 1177 2205 1233 etiam

409 1277 616 1335 mortui
662 1275 830 1333 debui
872 1279 931 1331 et
1038 1264 1217 1330 ‘timae
1255 1272 1371 1345 spei
1398 1272 1735 1329 adolescenti
1777 1290 1842 1329 ac
1877 1273 2205 1345 dignissimo

411 1374 643 1433 Caesare
682 1372 898 1446 petenti
940 1387 1139 1443 negare
1182 1387 1294 1426 non
1334 1370 1505 1443 potui.
1594 1368 1646 1427 7.
1692 1369 1838 1427 Veni
1878 1371 2047 1427 etiam
2076 1389 2203 1428 con-

410 1472 546 1529 sulis
593 1470 828 1528 Antonii
873 1468 1100 1526 domum
1147 1485 1309 1541 saepe
1358 1467 1638 1525 salutandi
1680 1485 1876 1526 causa:
1919 1468 1991 1525 ad
2031 1487 2204 1542 quem

410 1570 508 1643 qui
534 1586 622 1625 me
648 1586 844 1641 parum
869 1565 1082 1640 patriae
1125 1570 1409 1623 amantem
1449 1582 1568 1623 esse
1616 1564 1941 1623 existimant
1966 1567 2203 1640 rogandi

410 1667 633 1741 quidem
675 1664 887 1738 aliquid
929 1669 1030 1721 aut
1055 1622 1118 1720 ζ
1167 1681 1297 1721 eren
1339 1664 1376 1716 ⁹.
1578 1662 1737 1737 frequ
1792 1668 1909 1763 ἐξεῖπεκ
1921 1665 2203 1723 ventitare

412 1764 658 1839 reperies.
1127 1778 1223 1847 aec
1279 1765 1367 1818 est
1514 1778 1655 1833 ogan
1799 1761 1949 1834 quod
1996 1761 2203 1820 Caesar

411 1879 714 1936 numquam
756 1861 770 1874 ⁰
813 1865 967 1933 terpe
1169 1836 1546 1932 qlflfflbm
1589 1858 1805 1930 vellem,
1831 1864 2001 1932 atque
2028 1860 2201 1917 etiam

412 1978 549 2033 quos
591 1960 709 2033 ipse
753 1947 864 2014 'non
907 1956 1193 2030 diligebat,
1235 1961 1424 2013 tamen
1452 1956 1521 2013 iis
1553 1960 1754 2026 uterer,
1782 1974 1890 2029 eos,
1922 1957 2019 2029 qui
2059 1956 2202 2015 mihi

412 2058 648 2115 amicum
675 2056 1008 2128 eripuerunt,
1037 2054 1309 2127 carpendo
1350 2071 1439 2111 me
1479 2054 1689 2112 efficere
1729 2054 1927 2125 conari,
1958 2072 2029 2113 ne
2061 2072 2200 2128 quos

411 2156 582 2214 velim
623 2152 892 2225 diligam?
973 2152 1025 2211 8.
1074 2152 1182 2209 Sed
1232 2170 1343 2209 non
1391 2169 1581 2210 vereor
1620 2169 1691 2209 ne
1717 2156 1819 2209 aut
1854 2169 1910 2207 m
2086 2154 2200 2211 itae

412 2252 684 2311 modestia
724 2268 922 2323 parum
969 2249 1212 2306 valitura
1248 2250 1325 2306 sit
1365 2249 1426 2306 in
1469 2253 1753 2322 posterum
1766 2214 1901 2306 ‘⁶gon
1959 2268 1993 2305 a
2056 2249 2201 2307 alsos

411 2366 655 2407 rumores
681 2352 782 2405 aut
807 2365 875 2404 ne
897 2348 1066 2405 etiam
1093 2346 1150 2417 ii,
1172 2347 1271 2418 qui
1297 2364 1386 2404 me
1412 2364 1523 2403 non
1550 2351 1743 2403 amant
1769 2363 1905 2418 prop
1965 2365 1993 2402 r
2019 2364 2201 2405 meam

411 2449 471 2504 in
526 2446 817 2503 Gaesarem
872 2443 1257 2516 constantiam,
1317 2460 1428 2499 non
1481 2442 1684 2499 malint
1733 2442 1843 2499 mei
1880 2460 2051 2515 quam
2112 2444 2201 2500 sui

412 2541 620 2601 similes
672 2542 876 2599 amicos
936 2538 1149 2595 habere.
1239 2539 1384 2596 Mihi
1440 2539 1665 2611 quidem
1720 2538 1770 2595 si
1824 2542 2020 2609 optata
2073 2558 2200 2597 con-

412 2643 647 2714 tingent,
679 2639 826 2712 quod
874 2637 1147 2710 reliquum
1189 2640 1277 2694 est
1317 2638 1481 2708 vitae,
1512 2637 1571 2693 in
1600 2636 1715 2693 otio
1752 2635 1940 2692 Rhodi
1966 2636 2201 2709 degam:

413 2741 500 2797 sin
536 2754 694 2795 casus
741 2734 942 2807 aliquis
983 2732 1369 2806 interpellarit,
1413 2734 1497 2789 ita
1550 2750 1643 2791 ero
1692 2733 1919 2803 Romae,
1946 2738 2012 2790 ut
2053 2738 2205 2793 recte

414 2837 533 2895 fieri
586 2851 799 2906 semper
873 2832 1106 2904 cupiam.
1222 2829 1482 2888 Trebatio
1556 2836 1745 2888 nostro
1813 2850 2043 2904 magnas
2096 2852 2204 2906 ago

413 2934 634 3006 gratias,
685 2929 831 3002 quod
879 2932 1040 2985 tuum
1085 2944 1213 2997 erga
1261 2943 1351 2983 me
1395 2927 1642 2983 animum
1682 2926 1990 2999 simplicem
2031 2932 2203 3000 atque

415 3030 650 3087 amicum
693 3025 924 3099 aperuit,
972 3029 1031 3081 et
1077 3023 1225 3096 quod
1272 3040 1414 3095 eum,
1464 3041 1629 3097 quem
1686 3040 1899 3096 semper
1945 3022 2206 3083 lubenter

416 3125 598 3193 dilexi,
637 3140 746 3195 quo
786 3120 961 3193 magis
1008 3120 1125 3176 iure
1174 3119 1348 3176 colere
1394 3125 1562 3193 atque
1604 3120 1891 3178 observare
1926 3120 2221 3205 deberem,

416 3220 564 3278 fecit.
649 3217 800 3274 Bene
826 3217 951 3273 vale
979 3221 1036 3273 et
1060 3233 1151 3273 me
1179 3216 1358 3289 dilige.
1810 3213 1965 3308 X
2051 3248 2063 3273 ι
2077 3236 2203 3338 sn*
2282 3124 2323 3339 ί

1885 3327 1891 3340 Ῑ
2044 3338 2051 3345 α

1904 3341 2129 3386 ‘flea'

1607 3396 1823 3490 lxth.)
1935 3394 1945 3400 “

1581 3485 1589 3495 ¹
1676 3493 1688 3509 ι

1558 3453 1592 3477 &-

1568 3557 1602 3587 L
