2434 3734
829 234 991 284 xxx.
1031 223 1200 302 (A‘rr.
1241 235 1301 286 V.
1342 222 1430 305 15)
1958 239 2017 287 61

236 388 496 446 festinare
536 405 635 444 nec
677 405 764 446 me
805 386 948 444 Delo
988 404 1224 458 movere,
1254 388 1362 444 nisi
1390 389 1575 446 omnia
1616 385 1761 463 ἄκρα
1802 386 2027 463 Γυρέων

236 505 372 559 pura
398 487 674 546 vidissem.
763 487 815 543 2.
862 485 949 542 De
978 484 1245 542 Messalla
1270 503 1305 541 a
1332 490 1390 543 te
1426 487 1621 543 statim
1648 492 1714 544 ut
1741 487 1930 544 audivi
1958 488 2027 546 de

237 583 420 655 Gyaro
461 583 589 640 dedi
628 582 859 653 litteras,
901 583 1097 640 et—id
1139 583 1323 656 ipsum
1366 583 1653 642 consilium
1693 589 2027 642 nostrum—-

233 683 404 740 etiam
458 681 530 738 ad
586 680 966 752 Hortensium,
1019 681 1107 738 cui
1163 680 1387 754 quidem
1434 680 1595 740 valde
1641 679 2021 758 συνηγωνίων.

237 779 346 838 Sed
389 784 515 836 tuas
556 779 625 836 (16
669 778 786 836 eius
822 777 1012 834 iudicii
1055 779 1399 836 sermonibus
1442 784 1501 836 et
1527 779 1837 838 mehercule
1877 782 2027 838 omni

234 877 302 934 de
351 877 432 933 rei
477 875 729 949 publicae
776 879 934 932 statu
985 874 1203 933 litteras
1258 881 1529 948 exspecto,
1580 873 2025 952 πολιτικώτερον

234 974 457 1048 quidem
499 974 746 1047 scriptas,
785 973 1042 1046 quoniam
1083 991 1234 1030 meos
1276 992 1403 1032 cum
1445 974 1797 1032 Thallumeto
1838 980 2029 1034 nostro

235 1071 552 1145 pervolutas
592 1071 779 1143 libros,
817 1071 935 1128 eius
975 1071 1143 1140 modi,
1170 1071 1417 1144 inquam,
1456 1070 1675 1130 litteras
1716 1091 1786 1130 ex
1826 1074 2027 1147 quibus

236 1188 335 1242 ego
363 1188 473 1227 non
499 1169 635 1242 quid
661 1169 972 1226 fiat—nam
1012 1169 1071 1225 id
1099 1169 1189 1226 vel
1220 1169 1505 1241 Helonius,
1538 1171 1625 1227 vir
1650 1170 2023 1243 gravissimus,

238 1272 421 1341 potest
457 1267 681 1338 efficere,
715 1266 883 1324 cliens
921 1267 1231 1324 tuus—scd
1268 1267 1404 1340 quid
1436 1267 1689 1325 futurum
1721 1269 1797 1325 sit
1804 1277 1823 1340 ξ
1837 1268 2023 1327 sciam.

239 1365 382 1423 Cum
429 1365 564 1422 haec
610 1365 772 1436 leges,
813 1363 1081 1422 habemus
1129 1364 1393 1422 consules.
1480 1365 1682 1422 Omnia
1728 1367 2029 1440 perspicere

237 1463 442 1536 poteris
488 1462 556 1520 de
607 1461 854 1533 Caesare,
903 1462 972 1520 de
1020 1463 1299 1534 Pompei0,
1344 1463 1415 1520 de
1468 1464 1603 1536 ipsis
1649 1463 1883 1523 iudiciis.
1971 1465 2024 1524 3.

237 1561 449 1618 Nostra
515 1564 703 1617 autem
765 1559 1001 1632 negotia,
1064 1561 1326 1632 quoniam
1388 1560 1596 1618 Romae
1658 1563 2025 1635 commoraris,

237 1659 432 1715 amabo
481 1662 554 1730 te,
613 1656 841 1730 explica.
931 1656 1037 1714 Oui
1085 1658 1164 1715 rei
1211 1657 1430 1730 fugerat
1474 1675 1563 1715 me
1605 1659 1914 1731 rescribere,
1960 1661 2029 1718 de

236 1761 386 1813 strue
428 1755 681 1826 laterum,
713 1755 874 1828 plane
901 1772 1048 1828 rogo,
1080 1755 1150 1812 de
1191 1773 1350 1828 aqua,
1382 1755 1431 1811 si
1471 1755 1607 1828 quid
1647 1758 1852 1829 poterit
1888 1758 2025 1830 fieri,

237 1872 302 1912 eo
341 1854 418 1910 sis
445 1853 645 1924 anim0,
678 1870 788 1925 quo
827 1852 969 1910 soles
997 1870 1148 1910 esse:
1191 1871 1360 1926 quam
1388 1871 1488 1926 ego
1516 1871 1643 1910 cum
1683 1872 1807 1912 mea
1832 1861 2029 1928 sponte

239 1957 360 2008 tum
403 1952 516 2008 tuis
544 1951 886 2008 sermonibus
925 1953 1157 2009 aestimo
1198 1952 1439 2024 plurimi.
1527 1952 1673 2025 Ergo
1715 1958 1781 2010 tu
1806 1954 1867 2010 id
1906 1972 2028 2011 con-

237 2050 402 2107 ficies.
489 2049 794 2120 Praeterea,
825 2049 875 2106 si
915 2049 1051 2122 quid
1078 2049 1369 2122 Philippus
1396 2050 1628 2122 rogabit,
1662 2051 1808 2123 quod
1840 2052 1900 2107 in
1928 2057 2029 2110 tua

235 2165 296 2204 re
342 2147 561 2219 faceres,
599 2147 658 2203 id
704 2146 872 2202 velim
919 2147 1101 2204 facias.
1185 2147 1357 2204 Plura
1399 2148 1635 2205 scribam
1679 2149 1749 2205 ad
1795 2154 1869 2223 te,
1901 2168 2027 2208 cum

239 2245 570 2303 constitero:
611 2262 756 2301 nunc
784 2262 934 2301 eram
961 2244 1122 2317 plane
1149 2245 1207 2301 in
1235 2245 1415 2303 medio
1441 2247 1597 2304 mari.

382 2499 566 2556 XXX.
613 2498 710 2556 ΤΟ
752 2498 1104 2571 ATTIGUS,
1151 2517 1222 2557 IN
1264 2500 1443 2556 Rom:
1488 2498 1655 2578 (Ar'r.
1689 2517 1747 2560 v,
1785 2500 1885 2580 15)
1958 2509 1961 2514 '

411 2642 749 2702 LAomosA,
793 2644 977 2690 A.U.c.
1014 2641 1143 2703 7033
1190 2643 1304 2691 ne.
1338 2644 1433 2701 51;
1481 2644 1621 2691 ΑΕΤ.
1659 2644 1776 2694 010.
1803 2644 1865 2693 55

319 2771 386 2817 M.
425 2769 588 2816 Cicero
621 2769 785 2816 Attico
819 2770 986 2816 scribit
1021 2783 1072 2816 se
1105 2769 1386 2816 Laodiceam
1419 2769 1703 2828 pervenisse,
1734 2770 2028 2819 abstinenter

237 2850 407 2904 vivere,
443 2847 535 2893 iter
566 2848 828 2907 suscepisse
861 2847 1094 2894 Laodicea
1127 2847 1180 2893 in
1212 2847 1515 2906 Lycaoniam,
1547 2847 1632 2894 sed
1658 2847 1750 2892 sibi
1781 2850 2026 2907 negotium

235 2925 510 2987 provinciae
542 2924 797 2971 molestum
830 2939 943 2982 esse,
975 2926 1139 2984 itaque
1170 2925 1321 2970 instat
1354 2925 1506 2971 amico
1539 2929 1595 2971 ut
1629 2940 1821 2986 operam
1851 2926 1933 2972 det
1966 2941 2026 2974 ne

235 3005 331 3050 sibi
363 3003 606 3062 provincia
627 3005 921 3062 prorogetur,
951 3002 1012 3048 ab
1035 3016 1184 3062 eoque
1206 3003 1332 3061 petit
1355 3004 1411 3048 ut
1446 3002 1538 3048 sibi
1573 3003 1634 3049 de
1664 3003 1806 3050 rebus
1828 3003 2025 3052 urbanis

235 3081 428 3128 scribat.

344 3195 393 3251 1.
440 3193 765 3251 Laodiceam
809 3195 939 3251 veni
992 3193 1165 3266 pridie
1215 3193 1342 3251 Kal.
1396 3193 1545 3252 Sext.
1654 3195 1740 3251 Ex
1786 3195 1889 3252 hoc
1936 3197 2026 3254 die
