2434 3734
813 272 984 322 xv11.
1023 259 1208 340 (ΒΑΜ.
1246 271 1366 320 vn.
1408 259 1462 338 1)
1972 273 2033 320 ss

246 426 442 500 Neque
483 432 671 484 tamen
698 426 896 483 dubito
921 427 1058 498 quin
1085 431 1150 482 tu
1177 443 1248 482 ex
1274 425 1370 482 illo
1397 425 1648 482 cubiculo
1684 430 1799 497 tuo,
1830 443 1899 482 ex
1924 443 2036 498 quo

243 526 352 582 tibi
381 526 413 588 t
435 525 766 583 Stabianum
797 527 830 594 †
849 524 1142 597 perforasti
1174 529 1235 581 et
1272 523 1584 596 patefecisti
1612 523 1907 595 Misenum,
1938 541 2036 597 per

243 641 336 680 eos
363 623 482 680 dies
509 623 790 680 matutina
815 627 1065 696 tempora
1091 621 1442 679 lectiunculis
1462 623 1878 695 consumpseris,
1910 639 2033 679 cum

243 721 327 778 illi
353 721 578 792 interea,
610 721 706 793 qui
749 725 808 778 te
847 720 975 778 istic
1001 720 1360 792 reliquerunt,
1390 725 1705 793 spectarent
1731 721 2035 778 comminus

243 819 442 875 mimos
487 819 820 876 semisomni.
905 818 1172 891 Reliquas
1217 836 1349 875 vero
1400 823 1587 891 partes
1634 818 1746 876 diei
1794 825 1859 876 tu
1913 837 2035 876 con·

241 917 499 974 sumebas
537 917 608 973 iis
647 916 1119 987 delectationibus,
1151 933 1291 990 quas
1332 916 1439 974 tibi
1479 917 1597 990 ipse
1636 917 1708 973 ad
1741 916 2034 975 arbitrium

243 1021 405 1072 tuum
458 1033 818 1088 compararas,
869 1015 1028 1071 nobis
1084 1019 1273 1072 autem
1328 1019 1487 1072 erant
1540 1032 1607 1072 ea
1660 1015 2029 1089 perpetienda,

241 1132 384 1188 quae
429 1113 521 1186 Sp.
570 1113 816 1170 Maecius
864 1113 1222 1185 probavisset.
1310 1113 1362 1171 2.
1410 1112 1665 1183 omnine,
1705 1113 1754 1169 si
1795 1114 2029 1185 quaeris,

241 1211 361 1268 ludi
409 1210 834 1285 apparatissimi,
876 1211 975 1268 sed
1021 1228 1130 1268 non
1179 1211 1267 1267 tui
1313 1211 1618 1269 stomachi:
1668 1211 2034 1269 coniecturam

241 1310 390 1367 enim
443 1310 585 1367 facio
639 1309 710 1366 de
762 1327 900 1368 meo.
988 1309 1134 1366 Nam
1193 1309 1434 1382 primum
1489 1308 1711 1366 honoris
1765 1327 1931 1367 causa
1976 1310 2035 1367 in

239 1425 493 1466 scaenam
537 1407 816 1465 redierant
855 1408 913 1478 ii,
949 1425 1088 1482 quos
1119 1425 1221 1480 ego
1264 1407 1485 1464 honoris
1527 1425 1693 1465 causa
1732 1407 1802 1465 de
1840 1425 2038 1466 scaena

239 1506 459 1563 decesse
498 1505 824 1564 arbitrabar.
910 1504 1158 1562 Deliciae
1197 1523 1329 1562 vero
1362 1510 1508 1577 tuae,
1539 1511 1727 1563 noster
1766 1507 2031 1579 Aesopus,

239 1605 358 1661 eius
385 1603 536 1660 modi
561 1603 690 1676 fuit,
719 1607 788 1659 ut
813 1603 864 1660 ei
903 1603 1150 1660 desinere
1182 1621 1281 1675 per
1320 1621 1509 1660 omnes
1536 1603 1785 1660 homines
1826 1604 2031 1664 liceret.

241 1702 300 1758 Is
342 1702 524 1758 iurare
550 1719 676 1758 cum
717 1701 999 1774 coepisset,
1030 1719 1141 1758 vox
1167 1719 1295 1758 eum
1324 1701 1525 1758 defecit
1562 1702 1618 1757 in
1646 1701 1743 1758 illo
1770 1701 1923 1760 loco:
1965 1703 2037 1761 Si

238 1799 412 1857 sciens
445 1800 621 1874 salle.
710 1799 858 1868 Quid
905 1798 1013 1856 tibi
1059 1817 1160 1872 ego
1206 1799 1319 1857 alia
1372 1800 1633 1857 narrem?
1684 1801 1833 1856 nosti
1886 1801 2035 1857 enim

237 1897 480 1969 reliquos
506 1897 666 1954 ludos
691 1918 704 1955 ε
747 1897 845 1970 qui
871 1914 940 1953 ne
967 1897 1026 1954 id
1053 1896 1276 1970 quidem
1305 1896 1505 1969 leporis
1531 1896 1862 1970 habuerunt,
1888 1897 2033 1971 quod

237 1995 419 2052 solent
459 1994 758 2052 mediocres
785 1994 938 2052 ludi:
981 2000 1280 2068 apparatus
1321 1995 1469 2052 enim
1496 1996 1766 2068 spectatio
1802 1995 2035 2053 tollebat

237 2111 458 2150 omnem
486 2091 844 2164 hilaritatem,
863 2110 974 2166 quo
993 2093 1218 2166 quidem
1247 2098 1518 2166 apparatu
1544 2111 1655 2149 non
1675 2093 1874 2150 dubito
1899 2095 2033 2166 quin

235 2191 426 2248 animo
441 2190 770 2262 aequissimo
788 2190 1039 2248 carueris.
1100 2190 1248 2259 Quid
1262 2191 1411 2247 enim
1427 2190 1809 2249 delectationis
1826 2190 2035 2248 habent

233 2289 475 2346 sescenti
528 2287 668 2344 muli
721 2287 779 2343 in
829 2287 1277 2359 Clytaemnestra
1322 2294 1422 2346 aut
1468 2289 1527 2344 in
1583 2289 1744 2361 Equo
1798 2289 2035 2347 Troiano

234 2391 599 2444 creterrarum
643 2386 752 2443 tria
795 2385 949 2442 milia
991 2390 1092 2442 aut
1134 2392 1417 2444 armatura
1456 2387 1612 2444 varia
1650 2387 1935 2459 peditatus
1976 2394 2034 2445 et

235 2484 522 2558 equitatus
542 2484 600 2539 in
628 2483 816 2555 aliqua
835 2484 1062 2556 pugna?
1101 2503 1241 2556 quae
1268 2485 1584 2558 popularem
1614 2485 2033 2542 admirationem

236 2582 569 2653 habuerunt,
627 2581 1047 2639 delectationem
1109 2582 1215 2638 tibi
1276 2583 1487 2640 nullam
1550 2582 1886 2641 attulissent.
1975 2585 2025 2642 3.

234 2679 400 2750 Quod
445 2679 495 2735 si
537 2683 603 2735 tu
645 2697 743 2752 per
787 2697 878 2736 eos
919 2679 1036 2736 dies
1065 2698 1287 2752 operam
1329 2681 1532 2738 dedisti
1575 2681 1870 2754 Protogeni
1913 2686 2027 2752 tuo,

231 2777 370 2834 dum
411 2776 576 2833 modo
619 2777 668 2833 is
710 2777 815 2834 tibi
858 2777 1078 2849 quidvis
1121 2779 1308 2850 potius
1352 2797 1520 2851 quam
1566 2779 1837 2835 orationes
1882 2797 2031 2836 mea-s

229 2875 448 2947 legerit,
479 2891 549 2930 ne
591 2879 657 2930 tu
684 2874 834 2931 haud
870 2874 1058 2947 paullo
1098 2875 1225 2947 plus
1253 2895 1419 2949 quam
1460 2877 1751 2948 quisquam
1780 2881 2027 2933 nostrum

227 2971 618 3029 delectationis
654 2970 917 3031 habuisti.
1004 2973 1059 3029 N
1063 2991 1133 3029 on
1174 2974 1321 3031 enim
1360 2979 1419 3030 te
1466 2979 1603 3046 puto
1646 2973 1883 3031 Graecos
1930 2981 2030 3032 aut

227 3069 408 3127 Oscos
436 3068 596 3126 ludos
636 3068 986 3141 desiderasse,
1018 3072 1340 3142 praesertim
1382 3089 1508 3128 cum
1543 3071 1710 3128 Oscos
1738 3071 1898 3130 ludos
1939 3073 2027 3130 vel

225 3167 290 3223 in
336 3171 537 3224 senatu
580 3172 765 3224 vestro
808 3173 1052 3241 spectare
1092 3170 1283 3241 possis,
1318 3169 1556 3227 Graecos
1597 3170 1679 3227 ita
1706 3188 1816 3227 non
1858 3189 2022 3244 ames,

226 3271 299 3322 ut
347 3283 418 3322 ne
467 3265 539 3322 ad
586 3265 778 3322 villam
826 3266 1048 3339 quidem
1098 3273 1255 3324 tuam
1309 3268 1401 3324 via
1449 3268 1659 3326 Graeca
1706 3270 1784 3326 ire
1832 3270 2021 3328 soleae.

1120 3390 1162 3431 D
