<?xml version="1.0" encoding="UTF-8"?>
<!DOCTYPE html PUBLIC "-//W3C//DTD XHTML 1.0 Transitional//EN"
    "http://www.w3.org/TR/xhtml1/DTD/xhtml1-transitional.dtd">
<html xmlns="http://www.w3.org/1999/xhtml" xml:lang="en" lang="en">
 <head>
  <title>
</title>
<meta http-equiv="Content-Type" content="text/html;charset=utf-8" />
  <meta name='ocr-system' content='tesseract 3.04.00' />
  <meta name='ocr-capabilities' content='ocr_page ocr_carea ocr_par ocr_line ocrx_word'/>
</head>
<body>
  <div class='ocr_page' id='page_1' title='image "./ciceroinhislett01tyrrgoog_0175.png"; bbox 0 0 2434 3734; ppageno 0'>
   <div class='ocr_carea' id='block_1_1' title="bbox 831 260 2055 343">
    <p class='ocr_par' dir='ltr' id='par_1_1' title="bbox 831 260 2055 343">
     <span class='ocr_line' id='line_1_1' title="bbox 831 260 2055 343; baseline 0.001 -20"><span class='ocrx_word' id='word_1_1' title='bbox 831 274 1053 324; x_wconf 84' lang='lat' dir='ltr'><strong>xxxn.</strong></span> <span class='ocrx_word' id='word_1_2' title='bbox 1091 260 1263 343; x_wconf 82' lang='lat' dir='ltr'><strong>(ATT.</strong></span> <span class='ocrx_word' id='word_1_3' title='bbox 1300 275 1363 325; x_wconf 78' lang='lat' dir='ltr'><strong>v,</strong></span> <span class='ocrx_word' id='word_1_4' title='bbox 1402 260 1490 342; x_wconf 81' lang='lat'><strong>20)</strong></span> <span class='ocrx_word' id='word_1_5' title='bbox 1992 274 2055 324; x_wconf 81' lang='lat'><strong>55</strong></span> 
     </span>
    </p>
   </div>
   <div class='ocr_carea' id='block_1_2' title="bbox 271 428 2070 3328">
    <p class='ocr_par' dir='ltr' id='par_1_2' title="bbox 271 428 2070 3328">
     <span class='ocr_line' id='line_1_2' title="bbox 271 428 2059 502; baseline -0.001 -14"><span class='ocrx_word' id='word_1_6' title='bbox 271 431 420 488; x_wconf 90' lang='lat' dir='ltr'><strong>enim</strong></span> <span class='ocrx_word' id='word_1_7' title='bbox 491 428 738 486; x_wconf 74' lang='lat' dir='ltr'>concedis</span> <span class='ocrx_word' id='word_1_8' title='bbox 794 429 932 486; x_wconf 91' lang='lat' dir='ltr'><strong>mihi</strong></span> <span class='ocrx_word' id='word_1_9' title='bbox 991 429 1257 502; x_wconf 77' lang='lat' dir='ltr'>proximis</span> <span class='ocrx_word' id='word_1_10' title='bbox 1325 429 1543 487; x_wconf 88' lang='lat' dir='ltr'><strong>litteris.</strong></span> <span class='ocrx_word' id='word_1_11' title='bbox 1659 428 1939 501; x_wconf 77' lang='lat' dir='ltr'><strong>Ephesum</strong></span> <span class='ocrx_word' id='word_1_12' title='bbox 1993 435 2059 486; x_wconf 86' lang='lat' dir='ltr'><strong>ut</strong></span> 
     </span>
     <span class='ocr_line' id='line_1_3' title="bbox 271 525 2061 598; baseline -0.002 -12"><span class='ocrx_word' id='word_1_13' title='bbox 271 527 516 586; x_wconf 78' lang='lat' dir='ltr'><strong>venerim</strong></span> <span class='ocrx_word' id='word_1_14' title='bbox 557 527 721 597; x_wconf 91' lang='lat' dir='ltr'><strong>nosti,</strong></span> <span class='ocrx_word' id='word_1_15' title='bbox 753 526 849 598; x_wconf 90' lang='lat' dir='ltr'><strong>qui</strong></span> <span class='ocrx_word' id='word_1_16' title='bbox 890 526 1060 584; x_wconf 88' lang='lat' dir='ltr'><strong>etiam</strong></span> <span class='ocrx_word' id='word_1_17' title='bbox 1101 526 1243 584; x_wconf 91' lang='lat' dir='ltr'><strong>mihi</strong></span> <span class='ocrx_word' id='word_1_18' title='bbox 1286 525 1599 598; x_wconf 75' lang='lat' dir='ltr'><strong>gratulatus</strong></span> <span class='ocrx_word' id='word_1_19' title='bbox 1646 543 1705 582; x_wconf 88' lang='lat' dir='ltr'><strong>es</strong></span> <span class='ocrx_word' id='word_1_20' title='bbox 1752 525 1904 582; x_wconf 90' lang='lat' dir='ltr'><strong>illius</strong></span> <span class='ocrx_word' id='word_1_21' title='bbox 1950 525 2061 583; x_wconf 89' lang='lat' dir='ltr'><strong>diei</strong></span> 
     </span>
     <span class='ocr_line' id='line_1_4' title="bbox 272 622 2057 697; baseline 0.001 -16"><span class='ocrx_word' id='word_1_22' title='bbox 272 623 664 694; x_wconf 77' lang='lat' dir='ltr'><strong>celebritatem,</strong></span> <span class='ocrx_word' id='word_1_23' title='bbox 713 641 824 696; x_wconf 89' lang='lat' dir='ltr'><strong>qua</strong></span> <span class='ocrx_word' id='word_1_24' title='bbox 876 622 1012 680; x_wconf 91' lang='lat' dir='ltr'><strong>nihil</strong></span> <span class='ocrx_word' id='word_1_25' title='bbox 1071 641 1160 681; x_wconf 91' lang='lat' dir='ltr'><strong>me</strong></span> <span class='ocrx_word' id='word_1_26' title='bbox 1213 641 1460 696; x_wconf 88' lang='lat' dir='ltr'><strong>unquam</strong></span> <span class='ocrx_word' id='word_1_27' title='bbox 1514 623 1812 681; x_wconf 81' lang='lat' dir='ltr'><strong>delectavit</strong></span> <span class='ocrx_word' id='word_1_28' title='bbox 1864 624 2057 697; x_wconf 84' lang='lat' dir='ltr'><strong>magis.</strong></span> 
     </span>
     <span class='ocr_line' id='line_1_5' title="bbox 273 720 2062 794; baseline 0 -16"><span class='ocrx_word' id='word_1_29' title='bbox 273 721 414 778; x_wconf 90' lang='lat' dir='ltr'><strong>Inde</strong></span> <span class='ocrx_word' id='word_1_30' title='bbox 430 722 487 778; x_wconf 93' lang='lat' dir='ltr'><strong>in</strong></span> <span class='ocrx_word' id='word_1_31' title='bbox 506 720 720 793; x_wconf 82' lang='lat' dir='ltr'>oppidis</span> <span class='ocrx_word' id='word_1_32' title='bbox 741 720 825 791; x_wconf 87' lang='lat' dir='ltr'><strong>iis,</strong></span> <span class='ocrx_word' id='word_1_33' title='bbox 863 721 1023 793; x_wconf 89' lang='lat' dir='ltr'><strong>†que</strong></span> <span class='ocrx_word' id='word_1_34' title='bbox 1045 725 1202 778; x_wconf 86' lang='lat' dir='ltr'><strong>erant</strong></span> <span class='ocrx_word' id='word_1_35' title='bbox 1225 721 1257 790; x_wconf 88' lang='lat'><em>†</em></span> <span class='ocrx_word' id='word_1_36' title='bbox 1287 720 1619 780; x_wconf 85' lang='lat' dir='ltr'><strong>mirabiliter</strong></span> <span class='ocrx_word' id='word_1_37' title='bbox 1638 721 1849 794; x_wconf 88' lang='lat' dir='ltr'><strong>accepti</strong></span> <span class='ocrx_word' id='word_1_38' title='bbox 1866 721 2062 778; x_wconf 85' lang='lat' dir='ltr'><strong>Laodi-</strong></span> 
     </span>
     <span class='ocr_line' id='line_1_6' title="bbox 273 817 2061 891; baseline -0.001 -13"><span class='ocrx_word' id='word_1_39' title='bbox 273 837 426 878; x_wconf 88' lang='lat' dir='ltr'><strong>ceam</strong></span> <span class='ocrx_word' id='word_1_40' title='bbox 473 818 648 891; x_wconf 86' lang='lat' dir='ltr'><strong>pridie</strong></span> <span class='ocrx_word' id='word_1_41' title='bbox 696 817 824 874; x_wconf 90' lang='lat' dir='ltr'><strong>KaL</strong></span> <span class='ocrx_word' id='word_1_42' title='bbox 873 817 1024 876; x_wconf 83' lang='lat' dir='ltr'><strong>Sext.</strong></span> <span class='ocrx_word' id='word_1_43' title='bbox 1070 819 1341 876; x_wconf 84' lang='lat' dir='ltr'><strong>venimus.</strong></span> <span class='ocrx_word' id='word_1_44' title='bbox 1444 818 1535 875; x_wconf 95' lang='lat' dir='ltr'><strong>Ibi</strong></span> <span class='ocrx_word' id='word_1_45' title='bbox 1580 819 1782 875; x_wconf 90' lang='lat' dir='ltr'><strong>morati</strong></span> <span class='ocrx_word' id='word_1_46' title='bbox 1829 819 2061 876; x_wconf 90' lang='lat' dir='ltr'><strong>biduum</strong></span> 
     </span>
     <span class='ocr_line' id='line_1_7' title="bbox 271 914 2062 991; baseline 0 -17"><span class='ocrx_word' id='word_1_47' title='bbox 271 915 612 991; x_wconf 84' lang='lat' dir='ltr'><strong>perillustres</strong></span> <span class='ocrx_word' id='word_1_48' title='bbox 657 915 864 972; x_wconf 84' lang='lat' dir='ltr'><strong>fuimus</strong></span> <span class='ocrx_word' id='word_1_49' title='bbox 907 914 1329 989; x_wconf 89' lang='lat' dir='ltr'><strong>honorificisque</strong></span> <span class='ocrx_word' id='word_1_50' title='bbox 1370 915 1557 972; x_wconf 84' lang='lat' dir='ltr'><strong>verbis</strong></span> <span class='ocrx_word' id='word_1_51' title='bbox 1599 933 1787 974; x_wconf 88' lang='lat' dir='ltr'><strong>omnes</strong></span> <span class='ocrx_word' id='word_1_52' title='bbox 1834 915 2062 974; x_wconf 85' lang='lat' dir='ltr'><strong>iniurias</strong></span> 
     </span>
     <span class='ocr_line' id='line_1_8' title="bbox 271 1012 2062 1086; baseline -0.001 -13"><span class='ocrx_word' id='word_1_53' title='bbox 271 1014 588 1073; x_wconf 83' lang='lat' dir='ltr'><strong>revellimus</strong></span> <span class='ocrx_word' id='word_1_54' title='bbox 604 1012 896 1085; x_wconf 86' lang='lat' dir='ltr'><strong>superioris</strong></span> <span class='ocrx_word' id='word_1_55' title='bbox 913 1013 1288 1086; x_wconf 81' lang='lat' dir='ltr'><strong>quadriennii3</strong></span> <span class='ocrx_word' id='word_1_56' title='bbox 1316 1012 1463 1085; x_wconf 89' lang='lat' dir='ltr'><strong>quod</strong></span> <span class='ocrx_word' id='word_1_57' title='bbox 1478 1012 1625 1070; x_wconf 88' lang='lat' dir='ltr'><strong>idem</strong></span> <span class='ocrx_word' id='word_1_58' title='bbox 1642 1013 1771 1070; x_wconf 89' lang='lat' dir='ltr'><strong>dein</strong></span> <span class='ocrx_word' id='word_1_59' title='bbox 1784 1012 2062 1086; x_wconf 81' lang='lat' dir='ltr'><strong>Apameae</strong></span> 
     </span>
     <span class='ocr_line' id='line_1_9' title="bbox 271 1112 2063 1188; baseline -0.001 -17"><span class='ocrx_word' id='word_1_60' title='bbox 271 1115 516 1188; x_wconf 87' lang='lat' dir='ltr'><strong>quinque</strong></span> <span class='ocrx_word' id='word_1_61' title='bbox 534 1113 652 1170; x_wconf 87' lang='lat' dir='ltr'><strong>dies</strong></span> <span class='ocrx_word' id='word_1_62' title='bbox 673 1112 873 1170; x_wconf 88' lang='lat' dir='ltr'><strong>morati</strong></span> <span class='ocrx_word' id='word_1_63' title='bbox 893 1118 952 1170; x_wconf 89' lang='lat' dir='ltr'><strong>ct</strong></span> <span class='ocrx_word' id='word_1_64' title='bbox 981 1112 1259 1185; x_wconf 77' lang='lat' dir='ltr'><strong>Synnadis</strong></span> <span class='ocrx_word' id='word_1_65' title='bbox 1281 1113 1545 1185; x_wconf 85' lang='lat' dir='ltr'><strong>triduum,</strong></span> <span class='ocrx_word' id='word_1_66' title='bbox 1573 1112 1887 1172; x_wconf 85' lang='lat' dir='ltr'><strong>Philomelii</strong></span> <span class='ocrx_word' id='word_1_67' title='bbox 1907 1114 2063 1186; x_wconf 87' lang='lat' dir='ltr'><strong>quin-</strong></span> 
     </span>
     <span class='ocr_line' id='line_1_10' title="bbox 273 1209 2063 1286; baseline 0 -17"><span class='ocrx_word' id='word_1_68' title='bbox 273 1231 381 1286; x_wconf 92' lang='lat' dir='ltr'><strong>que</strong></span> <span class='ocrx_word' id='word_1_69' title='bbox 408 1212 540 1282; x_wconf 90' lang='lat' dir='ltr'><strong>dies,</strong></span> <span class='ocrx_word' id='word_1_70' title='bbox 575 1211 750 1267; x_wconf 93' lang='lat' dir='ltr'><strong>Iconii</strong></span> <span class='ocrx_word' id='word_1_71' title='bbox 789 1210 976 1268; x_wconf 88' lang='lat' dir='ltr'><strong>decem</strong></span> <span class='ocrx_word' id='word_1_72' title='bbox 1018 1209 1263 1269; x_wconf 76' lang='lat' dir='ltr'><strong>fecimus.</strong></span> <span class='ocrx_word' id='word_1_73' title='bbox 1353 1209 1514 1267; x_wconf 90' lang='lat' dir='ltr'><strong>Nihil</strong></span> <span class='ocrx_word' id='word_1_74' title='bbox 1554 1228 1621 1268; x_wconf 90' lang='lat' dir='ltr'><strong>ea</strong></span> <span class='ocrx_word' id='word_1_75' title='bbox 1646 1210 1782 1268; x_wconf 88' lang='lat' dir='ltr'><strong>iuris</strong></span> <span class='ocrx_word' id='word_1_76' title='bbox 1823 1211 2063 1269; x_wconf 82' lang='lat' dir='ltr'><strong>dictione</strong></span> 
     </span>
     <span class='ocr_line' id='line_1_11' title="bbox 273 1306 2065 1382; baseline 0 -17"><span class='ocrx_word' id='word_1_77' title='bbox 273 1308 632 1382; x_wconf 88' lang='lat' dir='ltr'><strong>aequabilius,</strong></span> <span class='ocrx_word' id='word_1_78' title='bbox 655 1306 798 1363; x_wconf 90' lang='lat' dir='ltr'><strong>nihil</strong></span> <span class='ocrx_word' id='word_1_79' title='bbox 824 1306 1020 1376; x_wconf 89' lang='lat' dir='ltr'><strong>lenius,</strong></span> <span class='ocrx_word' id='word_1_80' title='bbox 1041 1307 1184 1364; x_wconf 89' lang='lat' dir='ltr'><strong>nihil</strong></span> <span class='ocrx_word' id='word_1_81' title='bbox 1209 1308 1450 1380; x_wconf 85' lang='lat' dir='ltr'><strong>gravius.</strong></span> <span class='ocrx_word' id='word_1_82' title='bbox 1539 1309 1591 1366; x_wconf 86' lang='lat'><strong>2.</strong></span> <span class='ocrx_word' id='word_1_83' title='bbox 1638 1307 1777 1366; x_wconf 89' lang='lat' dir='ltr'><strong>Inde</strong></span> <span class='ocrx_word' id='word_1_84' title='bbox 1798 1308 1857 1364; x_wconf 92' lang='lat' dir='ltr'><strong>in</strong></span> <span class='ocrx_word' id='word_1_85' title='bbox 1885 1313 2065 1365; x_wconf 87' lang='lat' dir='ltr'><strong>castra</strong></span> 
     </span>
     <span class='ocr_line' id='line_1_12' title="bbox 272 1404 2065 1478; baseline -0.001 -14"><span class='ocrx_word' id='word_1_86' title='bbox 272 1407 404 1464; x_wconf 80' lang='lat' dir='ltr'><strong>veni</strong></span> <span class='ocrx_word' id='word_1_87' title='bbox 449 1424 497 1463; x_wconf 89' lang='lat' dir='ltr'><strong>a.</strong></span> <span class='ocrx_word' id='word_1_88' title='bbox 549 1406 603 1464; x_wconf 87' lang='lat' dir='ltr'><strong>d.</strong></span> <span class='ocrx_word' id='word_1_89' title='bbox 655 1421 765 1463; x_wconf 87' lang='lat' dir='ltr'><strong>v11.</strong></span> <span class='ocrx_word' id='word_1_90' title='bbox 807 1404 936 1462; x_wconf 88' lang='lat' dir='ltr'><strong>Kal.</strong></span> <span class='ocrx_word' id='word_1_91' title='bbox 988 1404 1297 1478; x_wconf 87' lang='lat' dir='ltr'><strong>Septembr.</strong></span> <span class='ocrx_word' id='word_1_92' title='bbox 1410 1404 1480 1464; x_wconf 87' lang='lat' dir='ltr'><strong>A.</strong></span> <span class='ocrx_word' id='word_1_93' title='bbox 1527 1405 1580 1462; x_wconf 87' lang='lat' dir='ltr'><strong>d.</strong></span> <span class='ocrx_word' id='word_1_94' title='bbox 1627 1421 1717 1463; x_wconf 92' lang='lat'><strong>111.</strong></span> <span class='ocrx_word' id='word_1_95' title='bbox 1764 1406 2065 1463; x_wconf 86' lang='lat' dir='ltr'><strong>exercitum</strong></span> 
     </span>
     <span class='ocr_line' id='line_1_13' title="bbox 273 1501 2065 1576; baseline 0 -14"><span class='ocrx_word' id='word_1_96' title='bbox 273 1504 510 1562; x_wconf 79' lang='lat' dir='ltr'><strong>lustravi</strong></span> <span class='ocrx_word' id='word_1_97' title='bbox 565 1503 711 1576; x_wconf 89' lang='lat' dir='ltr'><strong>apud</strong></span> <span class='ocrx_word' id='word_1_98' title='bbox 768 1503 1032 1562; x_wconf 88' lang='lat' dir='ltr'><strong>Iconium.</strong></span> <span class='ocrx_word' id='word_1_99' title='bbox 1145 1501 1235 1558; x_wconf 87' lang='lat' dir='ltr'><strong>Ex</strong></span> <span class='ocrx_word' id='word_1_100' title='bbox 1288 1501 1377 1559; x_wconf 89' lang='lat' dir='ltr'><strong>his</strong></span> <span class='ocrx_word' id='word_1_101' title='bbox 1430 1503 1643 1574; x_wconf 88' lang='lat' dir='ltr'><strong>castris,</strong></span> <span class='ocrx_word' id='word_1_102' title='bbox 1691 1521 1818 1560; x_wconf 89' lang='lat' dir='ltr'><strong>cum</strong></span> <span class='ocrx_word' id='word_1_103' title='bbox 1870 1521 2065 1576; x_wconf 84' lang='lat' dir='ltr'><strong>graves</strong></span> 
     </span>
     <span class='ocr_line' id='line_1_14' title="bbox 275 1598 2069 1672; baseline -0.001 -14"><span class='ocrx_word' id='word_1_104' title='bbox 275 1601 344 1658; x_wconf 91' lang='lat' dir='ltr'><strong>de</strong></span> <span class='ocrx_word' id='word_1_105' title='bbox 400 1598 624 1656; x_wconf 80' lang='lat' dir='ltr'><strong>Parthis</strong></span> <span class='ocrx_word' id='word_1_106' title='bbox 685 1599 870 1655; x_wconf 88' lang='lat' dir='ltr'><strong>nuntii</strong></span> <span class='ocrx_word' id='word_1_107' title='bbox 922 1599 1192 1671; x_wconf 87' lang='lat' dir='ltr'><strong>venirent,</strong></span> <span class='ocrx_word' id='word_1_108' title='bbox 1256 1599 1469 1670; x_wconf 86' lang='lat' dir='ltr'><strong>perrexi</strong></span> <span class='ocrx_word' id='word_1_109' title='bbox 1541 1600 1599 1656; x_wconf 92' lang='lat' dir='ltr'><strong>in</strong></span> <span class='ocrx_word' id='word_1_110' title='bbox 1654 1598 1907 1656; x_wconf 80' lang='lat' dir='ltr'><strong>Ciliciam</strong></span> <span class='ocrx_word' id='word_1_111' title='bbox 1968 1617 2069 1672; x_wconf 91' lang='lat' dir='ltr'><strong>per</strong></span> 
     </span>
     <span class='ocr_line' id='line_1_15' title="bbox 277 1695 2066 1770; baseline 0 -16"><span class='ocrx_word' id='word_1_112' title='bbox 277 1697 655 1770; x_wconf 81' lang='lat' dir='ltr'><strong>Cappadociae</strong></span> <span class='ocrx_word' id='word_1_113' title='bbox 717 1700 930 1768; x_wconf 85' lang='lat' dir='ltr'><strong>partem</strong></span> <span class='ocrx_word' id='word_1_114' title='bbox 985 1712 1124 1768; x_wconf 87' lang='lat' dir='ltr'><strong>eam,</strong></span> <span class='ocrx_word' id='word_1_115' title='bbox 1183 1713 1325 1768; x_wconf 87' lang='lat' dir='ltr'><strong>quae</strong></span> <span class='ocrx_word' id='word_1_116' title='bbox 1382 1695 1635 1753; x_wconf 81' lang='lat' dir='ltr'><strong>Ciliciam</strong></span> <span class='ocrx_word' id='word_1_117' title='bbox 1695 1696 1942 1769; x_wconf 83' lang='lat' dir='ltr'><strong>attingit,</strong></span> <span class='ocrx_word' id='word_1_118' title='bbox 2002 1715 2066 1754; x_wconf 92' lang='lat' dir='ltr'><strong>eo</strong></span> 
     </span>
     <span class='ocr_line' id='line_1_16' title="bbox 275 1792 2065 1866; baseline 0 -14"><span class='ocrx_word' id='word_1_119' title='bbox 275 1795 516 1866; x_wconf 89' lang='lat' dir='ltr'><strong>consili0,</strong></span> <span class='ocrx_word' id='word_1_120' title='bbox 537 1799 602 1850; x_wconf 82' lang='lat' dir='ltr'><strong>ut</strong></span> <span class='ocrx_word' id='word_1_121' title='bbox 621 1793 920 1850; x_wconf 88' lang='lat' dir='ltr'><strong>Armenius</strong></span> <span class='ocrx_word' id='word_1_122' title='bbox 935 1792 1277 1850; x_wconf 81' lang='lat' dir='ltr'><strong>Artavasdes</strong></span> <span class='ocrx_word' id='word_1_123' title='bbox 1295 1799 1354 1851; x_wconf 89' lang='lat' dir='ltr'><strong>et</strong></span> <span class='ocrx_word' id='word_1_124' title='bbox 1373 1794 1481 1866; x_wconf 90' lang='lat' dir='ltr'><strong>ipsi</strong></span> <span class='ocrx_word' id='word_1_125' title='bbox 1501 1793 1697 1851; x_wconf 88' lang='lat' dir='ltr'><strong>Parthi</strong></span> <span class='ocrx_word' id='word_1_126' title='bbox 1720 1793 2065 1866; x_wconf 85' lang='lat' dir='ltr'><strong>Cappadocia</strong></span> 
     </span>
     <span class='ocr_line' id='line_1_17' title="bbox 274 1889 2066 1963; baseline -0.001 -13"><span class='ocrx_word' id='word_1_127' title='bbox 274 1911 334 1950; x_wconf 85' lang='lat' dir='ltr'><strong>se</strong></span> <span class='ocrx_word' id='word_1_128' title='bbox 388 1890 606 1949; x_wconf 84' lang='lat' dir='ltr'><strong>excludi</strong></span> <span class='ocrx_word' id='word_1_129' title='bbox 660 1895 935 1962; x_wconf 84' lang='lat' dir='ltr'><strong>putarent.</strong></span> <span class='ocrx_word' id='word_1_130' title='bbox 1041 1889 1184 1947; x_wconf 90' lang='lat' dir='ltr'><strong>Cum</strong></span> <span class='ocrx_word' id='word_1_131' title='bbox 1233 1889 1351 1947; x_wconf 87' lang='lat' dir='ltr'><strong>dies</strong></span> <span class='ocrx_word' id='word_1_132' title='bbox 1393 1890 1639 1963; x_wconf 87' lang='lat' dir='ltr'><strong>quinque</strong></span> <span class='ocrx_word' id='word_1_133' title='bbox 1692 1890 1763 1947; x_wconf 89' lang='lat' dir='ltr'><strong>ad</strong></span> <span class='ocrx_word' id='word_1_134' title='bbox 1805 1891 2066 1961; x_wconf 84' lang='lat' dir='ltr'><strong>Cybistra</strong></span> 
     </span>
     <span class='ocr_line' id='line_1_18' title="bbox 276 1987 2064 2060; baseline -0.001 -14"><span class='ocrx_word' id='word_1_135' title='bbox 276 1994 456 2047; x_wconf 87' lang='lat' dir='ltr'><strong>castra</strong></span> <span class='ocrx_word' id='word_1_136' title='bbox 481 1987 814 2060; x_wconf 86' lang='lat' dir='ltr'><strong>habuissem,</strong></span> <span class='ocrx_word' id='word_1_137' title='bbox 847 1987 1046 2045; x_wconf 90' lang='lat' dir='ltr'><strong>certior</strong></span> <span class='ocrx_word' id='word_1_138' title='bbox 1071 2005 1196 2043; x_wconf 89' lang='lat' dir='ltr'><strong>sum</strong></span> <span class='ocrx_word' id='word_1_139' title='bbox 1224 1988 1405 2045; x_wconf 87' lang='lat' dir='ltr'><strong>factus</strong></span> <span class='ocrx_word' id='word_1_140' title='bbox 1428 1988 1665 2045; x_wconf 87' lang='lat' dir='ltr'><strong>Parthos</strong></span> <span class='ocrx_word' id='word_1_141' title='bbox 1684 1987 1757 2045; x_wconf 89' lang='lat' dir='ltr'><strong>ab</strong></span> <span class='ocrx_word' id='word_1_142' title='bbox 1783 1987 1880 2044; x_wconf 91' lang='lat' dir='ltr'><strong>illo</strong></span> <span class='ocrx_word' id='word_1_143' title='bbox 1906 1989 2064 2046; x_wconf 86' lang='lat' dir='ltr'><strong>aditu</strong></span> 
     </span>
     <span class='ocr_line' id='line_1_19' title="bbox 277 2083 2064 2159; baseline -0.001 -15"><span class='ocrx_word' id='word_1_144' title='bbox 277 2085 654 2159; x_wconf 87' lang='lat' dir='ltr'><strong>Cappadociae</strong></span> <span class='ocrx_word' id='word_1_145' title='bbox 669 2083 830 2157; x_wconf 81' lang='lat' dir='ltr'><strong>longe</strong></span> <span class='ocrx_word' id='word_1_146' title='bbox 846 2083 1051 2156; x_wconf 85' lang='lat' dir='ltr'><strong>abesse,</strong></span> <span class='ocrx_word' id='word_1_147' title='bbox 1074 2083 1303 2141; x_wconf 88' lang='lat' dir='ltr'><strong>Ciliciae</strong></span> <span class='ocrx_word' id='word_1_148' title='bbox 1320 2085 1496 2156; x_wconf 88' lang='lat' dir='ltr'><strong>magis</strong></span> <span class='ocrx_word' id='word_1_149' title='bbox 1512 2085 1811 2142; x_wconf 84' lang='lat' dir='ltr'><strong>inuninere.</strong></span> <span class='ocrx_word' id='word_1_150' title='bbox 1863 2085 2064 2158; x_wconf 87' lang='lat' dir='ltr'><strong>Itaque</strong></span> 
     </span>
     <span class='ocr_line' id='line_1_20' title="bbox 276 2181 2059 2255; baseline -0.001 -13"><span class='ocrx_word' id='word_1_151' title='bbox 276 2183 566 2242; x_wconf 87' lang='lat' dir='ltr'><strong>confestim</strong></span> <span class='ocrx_word' id='word_1_152' title='bbox 619 2182 727 2238; x_wconf 88' lang='lat' dir='ltr'><strong>iter</strong></span> <span class='ocrx_word' id='word_1_153' title='bbox 779 2182 838 2238; x_wconf 91' lang='lat' dir='ltr'><strong>in</strong></span> <span class='ocrx_word' id='word_1_154' title='bbox 896 2181 1150 2238; x_wconf 87' lang='lat' dir='ltr'><strong>Ciliciam</strong></span> <span class='ocrx_word' id='word_1_155' title='bbox 1205 2181 1312 2238; x_wconf 89' lang='lat' dir='ltr'><strong>feci</strong></span> <span class='ocrx_word' id='word_1_156' title='bbox 1374 2199 1471 2254; x_wconf 92' lang='lat' dir='ltr'><strong>per</strong></span> <span class='ocrx_word' id='word_1_157' title='bbox 1526 2182 1694 2238; x_wconf 86' lang='lat' dir='ltr'><strong>Tauri</strong></span> <span class='ocrx_word' id='word_1_158' title='bbox 1746 2181 1919 2255; x_wconf 85' lang='lat' dir='ltr'><strong>pylas.</strong></span> <span class='ocrx_word' id='word_1_159' title='bbox 2007 2183 2059 2241; x_wconf 90' lang='lat'><strong>3.</strong></span> 
     </span>
     <span class='ocr_line' id='line_1_21' title="bbox 276 2279 2063 2340; baseline -0.001 0"><span class='ocrx_word' id='word_1_160' title='bbox 276 2283 512 2340; x_wconf 83' lang='lat' dir='ltr'><strong>Tarsum</strong></span> <span class='ocrx_word' id='word_1_161' title='bbox 537 2281 668 2338; x_wconf 84' lang='lat' dir='ltr'><strong>veni</strong></span> <span class='ocrx_word' id='word_1_162' title='bbox 709 2299 754 2336; x_wconf 92' lang='lat' dir='ltr'><strong>a.</strong></span> <span class='ocrx_word' id='word_1_163' title='bbox 782 2280 836 2339; x_wconf 87' lang='lat' dir='ltr'><strong>d.</strong></span> <span class='ocrx_word' id='word_1_164' title='bbox 882 2296 973 2338; x_wconf 92' lang='lat'><strong>111.</strong></span> <span class='ocrx_word' id='word_1_165' title='bbox 1020 2280 1077 2336; x_wconf 90' lang='lat' dir='ltr'>N</span> <span class='ocrx_word' id='word_1_166' title='bbox 1079 2298 1167 2337; x_wconf 91' lang='lat' dir='ltr'><strong>on.</strong></span> <span class='ocrx_word' id='word_1_167' title='bbox 1200 2279 1423 2337; x_wconf 89' lang='lat' dir='ltr'><strong>Octobr.</strong></span> <span class='ocrx_word' id='word_1_168' title='bbox 1506 2280 1645 2338; x_wconf 87' lang='lat' dir='ltr'><strong>Inde</strong></span> <span class='ocrx_word' id='word_1_169' title='bbox 1685 2280 1757 2337; x_wconf 87' lang='lat' dir='ltr'><strong>ad</strong></span> <span class='ocrx_word' id='word_1_170' title='bbox 1784 2281 2063 2339; x_wconf 86' lang='lat' dir='ltr'><strong>Amanum</strong></span> 
     </span>
     <span class='ocr_line' id='line_1_22' title="bbox 276 2377 2059 2453; baseline 0 -16"><span class='ocrx_word' id='word_1_171' title='bbox 276 2379 550 2451; x_wconf 87' lang='lat' dir='ltr'><strong>contendi,</strong></span> <span class='ocrx_word' id='word_1_172' title='bbox 573 2379 672 2450; x_wconf 87' lang='lat' dir='ltr'><strong>qui</strong></span> <span class='ocrx_word' id='word_1_173' title='bbox 700 2377 917 2449; x_wconf 84' lang='lat' dir='ltr'><strong>Syriam</strong></span> <span class='ocrx_word' id='word_1_174' title='bbox 939 2396 973 2435; x_wconf 88' lang='lat' dir='ltr'><strong>a</strong></span> <span class='ocrx_word' id='word_1_175' title='bbox 994 2377 1190 2434; x_wconf 88' lang='lat' dir='ltr'><strong>Cilicia</strong></span> <span class='ocrx_word' id='word_1_176' title='bbox 1209 2378 1270 2434; x_wconf 91' lang='lat' dir='ltr'><strong>in</strong></span> <span class='ocrx_word' id='word_1_177' title='bbox 1291 2396 1559 2450; x_wconf 91' lang='lat' dir='ltr'><strong>aquarum</strong></span> <span class='ocrx_word' id='word_1_178' title='bbox 1580 2378 1819 2436; x_wconf 84' lang='lat' dir='ltr'><strong>divortio</strong></span> <span class='ocrx_word' id='word_1_179' title='bbox 1840 2379 2059 2453; x_wconf 88' lang='lat' dir='ltr'><strong>dividit,</strong></span> 
     </span>
     <span class='ocr_line' id='line_1_23' title="bbox 275 2474 2060 2550; baseline 0.002 -17"><span class='ocrx_word' id='word_1_180' title='bbox 275 2477 374 2550; x_wconf 89' lang='lat' dir='ltr'><strong>qui</strong></span> <span class='ocrx_word' id='word_1_181' title='bbox 400 2494 558 2533; x_wconf 83' lang='lat' dir='ltr'><strong>mons</strong></span> <span class='ocrx_word' id='word_1_182' title='bbox 585 2479 705 2532; x_wconf 90' lang='lat' dir='ltr'><strong>erat</strong></span> <span class='ocrx_word' id='word_1_183' title='bbox 732 2474 976 2532; x_wconf 87' lang='lat' dir='ltr'><strong>hostium</strong></span> <span class='ocrx_word' id='word_1_184' title='bbox 1002 2475 1198 2546; x_wconf 87' lang='lat' dir='ltr'><strong>plenus</strong></span> <span class='ocrx_word' id='word_1_185' title='bbox 1226 2475 1699 2548; x_wconf 86' lang='lat' dir='ltr'><strong>sempiternorum.</strong></span> <span class='ocrx_word' id='word_1_186' title='bbox 1788 2477 1899 2534; x_wconf 86' lang='lat' dir='ltr'><strong>Hic</strong></span> <span class='ocrx_word' id='word_1_187' title='bbox 1926 2497 1975 2536; x_wconf 88' lang='lat' dir='ltr'><strong>a.</strong></span> <span class='ocrx_word' id='word_1_188' title='bbox 2006 2478 2060 2536; x_wconf 91' lang='lat' dir='ltr'><strong>d.</strong></span> 
     </span>
     <span class='ocr_line' id='line_1_24' title="bbox 279 2572 2061 2645; baseline 0.001 -15"><span class='ocrx_word' id='word_1_189' title='bbox 279 2591 368 2632; x_wconf 93' lang='lat'><strong>111.</strong></span> <span class='ocrx_word' id='word_1_190' title='bbox 415 2573 552 2630; x_wconf 90' lang='lat' dir='ltr'><strong>Idus</strong></span> <span class='ocrx_word' id='word_1_191' title='bbox 595 2572 817 2630; x_wconf 89' lang='lat' dir='ltr'><strong>Octobr.</strong></span> <span class='ocrx_word' id='word_1_192' title='bbox 849 2590 1114 2645; x_wconf 88' lang='lat' dir='ltr'><strong>magnum</strong></span> <span class='ocrx_word' id='word_1_193' title='bbox 1155 2590 1449 2629; x_wconf 90' lang='lat' dir='ltr'><strong>numerum</strong></span> <span class='ocrx_word' id='word_1_194' title='bbox 1476 2572 1720 2630; x_wconf 88' lang='lat' dir='ltr'><strong>hostium</strong></span> <span class='ocrx_word' id='word_1_195' title='bbox 1749 2575 2061 2634; x_wconf 86' lang='lat' dir='ltr'><strong>occidimus.</strong></span> 
     </span>
     <span class='ocr_line' id='line_1_25' title="bbox 279 2669 2065 2742; baseline 0.001 -13"><span class='ocrx_word' id='word_1_196' title='bbox 279 2670 524 2729; x_wconf 84' lang='lat' dir='ltr'><strong>Castella</strong></span> <span class='ocrx_word' id='word_1_197' title='bbox 550 2669 923 2727; x_wconf 87' lang='lat' dir='ltr'><strong>munitissima</strong></span> <span class='ocrx_word' id='word_1_198' title='bbox 961 2674 1232 2726; x_wconf 86' lang='lat' dir='ltr'><strong>nocturno</strong></span> <span class='ocrx_word' id='word_1_199' title='bbox 1261 2669 1547 2742; x_wconf 88' lang='lat' dir='ltr'><strong>Pomptini</strong></span> <span class='ocrx_word' id='word_1_200' title='bbox 1587 2671 1847 2742; x_wconf 87' lang='lat' dir='ltr'><strong>adventu,</strong></span> <span class='ocrx_word' id='word_1_201' title='bbox 1879 2677 2065 2730; x_wconf 88' lang='lat' dir='ltr'><strong>nostro</strong></span> 
     </span>
     <span class='ocr_line' id='line_1_26' title="bbox 277 2767 2067 2841; baseline 0 -16"><span class='ocrx_word' id='word_1_202' title='bbox 277 2768 554 2825; x_wconf 89' lang='lat' dir='ltr'><strong>matutino</strong></span> <span class='ocrx_word' id='word_1_203' title='bbox 614 2768 874 2840; x_wconf 86' lang='lat' dir='ltr'><strong>cepimus,</strong></span> <span class='ocrx_word' id='word_1_204' title='bbox 932 2767 1316 2824; x_wconf 90' lang='lat' dir='ltr'><strong>incendimus:</strong></span> <span class='ocrx_word' id='word_1_205' title='bbox 1389 2768 1745 2839; x_wconf 90' lang='lat' dir='ltr'><strong>imperatores</strong></span> <span class='ocrx_word' id='word_1_206' title='bbox 1804 2769 2067 2841; x_wconf 89' lang='lat' dir='ltr'><strong>appellati</strong></span> 
     </span>
     <span class='ocr_line' id='line_1_27' title="bbox 273 2863 2068 2937; baseline 0 -15"><span class='ocrx_word' id='word_1_207' title='bbox 273 2883 481 2922; x_wconf 84' lang='lat' dir='ltr'><strong>sumus.</strong></span> <span class='ocrx_word' id='word_1_208' title='bbox 571 2863 769 2921; x_wconf 85' lang='lat' dir='ltr'><strong>Castra</strong></span> <span class='ocrx_word' id='word_1_209' title='bbox 788 2881 990 2936; x_wconf 87' lang='lat' dir='ltr'><strong>paucos</strong></span> <span class='ocrx_word' id='word_1_210' title='bbox 1011 2863 1129 2920; x_wconf 90' lang='lat' dir='ltr'><strong>dies</strong></span> <span class='ocrx_word' id='word_1_211' title='bbox 1149 2863 1445 2920; x_wconf 88' lang='lat' dir='ltr'><strong>habuimus</strong></span> <span class='ocrx_word' id='word_1_212' title='bbox 1466 2881 1532 2920; x_wconf 88' lang='lat' dir='ltr'><strong>ea</strong></span> <span class='ocrx_word' id='word_1_213' title='bbox 1557 2865 1692 2937; x_wconf 89' lang='lat' dir='ltr'><strong>ipsa,</strong></span> <span class='ocrx_word' id='word_1_214' title='bbox 1718 2882 1859 2937; x_wconf 89' lang='lat' dir='ltr'><strong>quae</strong></span> <span class='ocrx_word' id='word_1_215' title='bbox 1878 2870 2068 2922; x_wconf 88' lang='lat' dir='ltr'><strong>contra</strong></span> 
     </span>
     <span class='ocr_line' id='line_1_28' title="bbox 277 2959 2067 3034; baseline 0.001 -16"><span class='ocrx_word' id='word_1_216' title='bbox 277 2961 524 3018; x_wconf 84' lang='lat' dir='ltr'><strong>Dareum</strong></span> <span class='ocrx_word' id='word_1_217' title='bbox 551 2960 824 3018; x_wconf 88' lang='lat' dir='ltr'><strong>habuerat</strong></span> <span class='ocrx_word' id='word_1_218' title='bbox 851 2960 1000 3034; x_wconf 89' lang='lat' dir='ltr'><strong>apud</strong></span> <span class='ocrx_word' id='word_1_219' title='bbox 1029 2960 1214 3017; x_wconf 86' lang='lat' dir='ltr'><strong>Issum</strong></span> <span class='ocrx_word' id='word_1_220' title='bbox 1241 2959 1571 3033; x_wconf 87' lang='lat' dir='ltr'><strong>Alexander,</strong></span> <span class='ocrx_word' id='word_1_221' title='bbox 1597 2961 1893 3034; x_wconf 88' lang='lat' dir='ltr'><strong>imperator</strong></span> <span class='ocrx_word' id='word_1_222' title='bbox 1918 2961 2067 3020; x_wconf 88' lang='lat' dir='ltr'><strong>haud</strong></span> 
     </span>
     <span class='ocr_line' id='line_1_29' title="bbox 275 3056 2069 3132; baseline 0.001 -18"><span class='ocrx_word' id='word_1_223' title='bbox 275 3058 462 3132; x_wconf 86' lang='lat' dir='ltr'><strong>paullo</strong></span> <span class='ocrx_word' id='word_1_224' title='bbox 489 3058 684 3114; x_wconf 90' lang='lat' dir='ltr'><strong>melior</strong></span> <span class='ocrx_word' id='word_1_225' title='bbox 726 3076 895 3131; x_wconf 89' lang='lat' dir='ltr'><strong>quam</strong></span> <span class='ocrx_word' id='word_1_226' title='bbox 939 3062 1039 3115; x_wconf 90' lang='lat' dir='ltr'><strong>aut</strong></span> <span class='ocrx_word' id='word_1_227' title='bbox 1083 3062 1149 3114; x_wconf 88' lang='lat' dir='ltr'><strong>tu</strong></span> <span class='ocrx_word' id='word_1_228' title='bbox 1180 3062 1281 3114; x_wconf 85' lang='lat' dir='ltr'><strong>aut</strong></span> <span class='ocrx_word' id='word_1_229' title='bbox 1328 3074 1443 3129; x_wconf 86' lang='lat' dir='ltr'><strong>ego.</strong></span> <span class='ocrx_word' id='word_1_230' title='bbox 1532 3056 1623 3114; x_wconf 93' lang='lat' dir='ltr'><strong>Ibi</strong></span> <span class='ocrx_word' id='word_1_231' title='bbox 1666 3057 1783 3114; x_wconf 89' lang='lat' dir='ltr'><strong>dies</strong></span> <span class='ocrx_word' id='word_1_232' title='bbox 1826 3059 2069 3131; x_wconf 87' lang='lat' dir='ltr'><strong>quinque</strong></span> 
     </span>
     <span class='ocr_line' id='line_1_30' title="bbox 277 3155 2070 3228; baseline 0.001 -15"><span class='ocrx_word' id='word_1_233' title='bbox 277 3157 492 3226; x_wconf 86' lang='lat' dir='ltr'><strong>morati,</strong></span> <span class='ocrx_word' id='word_1_234' title='bbox 519 3155 734 3228; x_wconf 87' lang='lat' dir='ltr'><strong>direpto</strong></span> <span class='ocrx_word' id='word_1_235' title='bbox 763 3160 820 3212; x_wconf 88' lang='lat' dir='ltr'><strong>et</strong></span> <span class='ocrx_word' id='word_1_236' title='bbox 840 3160 1061 3212; x_wconf 85' lang='lat' dir='ltr'><strong>vastato</strong></span> <span class='ocrx_word' id='word_1_237' title='bbox 1087 3156 1323 3227; x_wconf 90' lang='lat' dir='ltr'><strong>Aman0,</strong></span> <span class='ocrx_word' id='word_1_238' title='bbox 1348 3155 1477 3211; x_wconf 91' lang='lat' dir='ltr'><strong>inde</strong></span> <span class='ocrx_word' id='word_1_239' title='bbox 1499 3155 1861 3214; x_wconf 86' lang='lat' dir='ltr'><strong>discessimus.</strong></span> <span class='ocrx_word' id='word_1_240' title='bbox 1951 3157 2070 3214; x_wconf 88' lang='lat' dir='ltr'><strong>Scis</strong></span> 
     </span>
     <span class='ocr_line' id='line_1_31' title="bbox 277 3249 2066 3328; baseline 0.001 -17"><span class='ocrx_word' id='word_1_241' title='bbox 277 3255 425 3312; x_wconf 81' lang='lat' dir='ltr'><strong>enim</strong></span> <span class='ocrx_word' id='word_1_242' title='bbox 447 3254 556 3311; x_wconf 72' lang='lat' dir='ltr'><strong>dici</strong></span> <span class='ocrx_word' id='word_1_243' title='bbox 576 3253 847 3326; x_wconf 84' lang='lat' dir='ltr'><strong>quaedam</strong></span> <span class='ocrx_word' id='word_1_244' title='bbox 868 3249 1095 3323; x_wconf 83' lang='grc' dir='ltr'><strong><em>πανικοί,</em></strong></span> <span class='ocrx_word' id='word_1_245' title='bbox 1122 3252 1231 3310; x_wconf 85' lang='lat' dir='ltr'><strong>dici</strong></span> <span class='ocrx_word' id='word_1_246' title='bbox 1251 3254 1388 3310; x_wconf 81' lang='lat' dir='ltr'><strong>item</strong></span> <span class='ocrx_word' id='word_1_247' title='bbox 1416 3249 1489 3308; x_wconf 80' lang='grc' dir='ltr'><strong>τὰ</strong></span> <span class='ocrx_word' id='word_1_248' title='bbox 1512 3251 1645 3309; x_wconf 77' lang='grc' dir='ltr'>κενὰ</span> <span class='ocrx_word' id='word_1_249' title='bbox 1666 3251 1771 3310; x_wconf 78' lang='grc' dir='ltr'><strong>τοῦ</strong></span> <span class='ocrx_word' id='word_1_250' title='bbox 1796 3250 2066 3328; x_wconf 75' lang='grc' dir='ltr'>πολέμου.</span> 
     </span>
    </p>
   </div>
  </div>
 </body>
</html>
