2434 3734
814 293 1006 343 XXXI.
1047 283 1229 362 (ΕΔΜ.
1269 293 1417 344 v111.
1456 281 1512 362 5)
1992 296 2055 345 53

305 547 526 606 XXXI.
573 547 912 606 CAELIUS
955 548 1053 605 ΤΟ
1097 549 1400 622 CICERO,
1446 567 1515 606 IN
1558 567 1660 607 ms
1704 550 2020 608 Pnovmcr„

920 641 1100 720 (ΒΑΜ.
1150 660 1289 700 vm.-
1334 641 1397 720 5)

491 803 686 861 Romu,
728 803 912 851 A.U.c.
958 799 1087 862 7033
1134 804 1249 850 Rc,
1287 803 1387 864 51;
1432 805 1573 852 AET.
1614 804 1731 852 010.
1772 805 1835 854 55

344 931 409 978 M.
441 931 628 978 Caelius
661 933 872 978 metuere
904 943 957 978 se
991 931 1058 978 M.
1082 930 1301 978 Ciceroni
1334 931 1571 990 significat
1604 945 1663 978 ex
1698 932 1911 980 Parthici
1942 932 2057 980 belli

265 1008 393 1054 fama
429 1008 491 1053 ob
525 1008 822 1068 paucitatem
858 1009 1104 1069 copiarum
1140 1009 1256 1056 eiua.
1332 1009 1486 1054 Addit
1523 1009 1583 1055 de
1618 1011 1913 1057 successione
1948 1024 2054 1070 pro-

265 1086 528 1132 vinciarum
551 1087 747 1146 eiusque
770 1088 1016 1135 tarditate.

369 1206 418 1264 1.
467 1206 590 1275 Qua
630 1210 696 1263 tu
737 1225 867 1264 cura
907 1207 1000 1280 sis,
1032 1207 1178 1280 quod
1222 1207 1294 1263 ad
1336 1224 1527 1281 pacem
1570 1207 1885 1280 provinciae
1927 1212 2057 1266 tuae

263 1304 734 1376 finitimarumque
789 1305 1072 1376 regionum
1129 1305 1353 1378 attinet,
1405 1305 1622 1365 nescio:
1686 1323 1787 1380 ego
1835 1306 2057 1379 quidem

262 1403 618 1460 vehementer
659 1403 832 1459 animi
870 1402 1097 1475 pendeo.
1185 1403 1243 1459 N
1245 1421 1336 1459 am
1363 1403 1413 1460 si
1452 1402 1557 1460 hoc
1596 1421 1745 1461 more
1786 1404 2057 1462 moderari

263 1517 560 1573 possemne,
592 1506 660 1558 ut
695 1519 794 1573 pro
835 1500 1047 1558 viribus
1090 1500 1371 1573 copiarum
1413 1505 1638 1558 tuarum
1664 1501 1799 1559 belli
1838 1519 2058 1575 quoque

263 1599 553 1656 exsisteret
593 1597 935 1670 magnitude,
983 1601 1056 1667 et,
1103 1602 1377 1670 quantum
1418 1597 1623 1670 gloriae
1666 1599 2055 1673 triumphoque

265 1714 401 1769 opus
443 1702 600 1766 esset,
646 1695 1084 1768 adsequeremur,
1130 1696 1492 1768 periculosam
1535 1701 1592 1753 et
1634 1714 1861 1769 gravem
1901 1697 2056 1755 illam

265 1794 673 1851 dimicationem
729 1793 1080 1862 evitaremus,
1149 1793 1290 1850 nihil
1345 1799 1465 1851 tam
1532 1800 1679 1852 esset
1732 1795 2051 1867 optandum.

265 1892 431 1950 Nunc
459 1892 507 1948 si
536 1892 778 1950 Parthus
807 1898 993 1949 movet
1035 1891 1263 1964 aliquid,
1294 1893 1405 1950 scio
1446 1911 1557 1948 non
1586 1893 1913 1950 mediocrem
1940 1894 2057 1951 fore

264 1990 687 2049 contentionem.
793 1990 944 2047 Tuus
985 2008 1146 2063 porro
1183 1991 1456 2048 exercitus
1496 1991 1595 2048 vix
1633 2009 1809 2048 unum
1849 1991 2056 2049 saltum

265 2089 410 2146 tueri
456 2093 656 2161 potest.
762 2088 926 2145 Hanc
974 2093 1163 2145 autem
1208 2106 1371 2145 nemo
1423 2088 1580 2146 ducit
1621 2089 1908 2160 rationem,
1957 2090 2056 2146 sed

264 2187 449 2244 omnia
496 2186 880 2244 desiderantur
931 2186 1004 2244 ab
1051 2191 1484 2259 eo—tamquam
1531 2185 1675 2242 nihil
1722 2187 2054 2259 denegatum

265 2286 339 2342 sit
366 2286 433 2356 ei,
465 2302 574 2357 quo
607 2285 793 2342 minus
833 2302 1000 2358 quam
1042 2285 1425 2357 paratissimus
1467 2287 1810 2358 esset,—-qui
1834 2285 2055 2358 publico

263 2383 486 2456 negotio
528 2383 873 2455 praepositus
915 2388 1014 2441 est.
1121 2384 1173 2440 2.
1215 2383 1448 2440 Accedit
1489 2384 1613 2457 huc,
1656 2384 1804 2457 quod
1849 2402 2055 2442 succes-

263 2481 472 2538 sionem
528 2481 776 2539 futuram
830 2487 1054 2555 propter
1103 2480 1415 2538 Galliarum
1470 2483 1898 2540 controversiam
1942 2501 2052 2540 non

262 2579 439 2637 viden.
553 2579 801 2636 Tametsi
842 2579 948 2636 hac
995 2579 1065 2636 de
1106 2597 1166 2636 re
1209 2584 1348 2652 puto
1396 2584 1454 2637 te
1508 2580 1874 2637 constitutum
1918 2581 2053 2653 quid

263 2677 514 2734 facturus
540 2695 686 2734 esses
726 2677 942 2748 habere,
975 2682 1181 2748 tamen,
1212 2696 1325 2751 quo
1364 2678 1638 2736 maturius
1672 2679 2049 2751 constitueres,

264 2793 390 2832 cum
418 2774 566 2832 hunc
593 2781 858 2833 eventum
884 2775 1262 2848 providebam,
1294 2777 1479 2833 visum
1506 2781 1593 2833 est
1624 2780 1691 2833 ut
1733 2781 1791 2834 te
1819 2776 2053 2834 facerem

263 2873 563 2932 certiorem.
653 2873 821 2930 Nosti
861 2873 1010 2931 enim
1053 2874 1188 2932 haec
1231 2874 1540 2932 tralaticia:
1583 2873 1653 2930 de
1694 2872 1893 2930 Galliis
1933 2892 2055 2931 con-

265 2971 570 3044 stituetur;
611 2971 718 3028 erit
744 2972 841 3044 qui
875 2971 1185 3029 intercedat
1207 2991 1225 3044 3
1268 2971 1467 3028 deinde
1508 2971 1650 3029 alius
1678 2972 1911 3028 exsistet
1937 2972 2051 3044 qui,

265 3070 373 3126 nisi
397 3069 570 3126 libere
597 3069 765 3127 liceat
791 3069 862 3128 de
889 3070 1145 3127 omnibus
1172 3069 1469 3142 provinciis
1504 3069 1790 3128 decernere
1816 3071 2051 3143 senatui,

266 3168 506 3241 reliquas
532 3169 819 3241 impediat.
907 3168 1000 3226 Sic
1027 3168 1271 3226 multum
1298 3187 1363 3225 ac
1404 3169 1501 3226 diu
1528 3168 1753 3226 ludetur
1780 3173 1946 3242 atque
1974 3169 2057 3227 ita

267 3266 380 3337 diu,
411 3263 477 3323 ut
505 3266 630 3339 plus
658 3267 941 3324 biennium
982 3267 1040 3322 in
1083 3267 1170 3323 his
1199 3267 1352 3324 tricis
1385 3271 1641 3324 moretur.
1733 3267 1785 3326 3.
1832 3265 1893 3325 Si
1920 3267 2054 3340 quid
