2434 3734
409 235 500 299 78,
835 224 842 231 '
1005 235 1161 287 XLV.
1203 222 1371 307 (A'rr.
1411 236 1501 287 IX.
1539 224 1597 304 2)

407 391 750 452 perferendam.
839 392 962 439 Tum
985 392 1045 439 de
1079 393 1433 453 exspectatione
1464 393 1524 440 de
1544 407 1597 440 re
1620 393 1914 452 Corfiniensi,
1945 394 2004 439 de
2026 393 2204 440 Tirone

409 472 491 522 Μ’.
518 475 661 522 Curio
685 475 1078 523 commendando.

513 617 562 674 1.
611 615 754 674 Cum
800 620 932 674 ante
974 616 1153 673 lucem
1190 632 1327 674 vm.
1371 616 1499 675 Kal.
1541 616 1614 673 ad
1658 621 1715 673 te
1763 612 1855 695 [de
1903 610 2201 695 Dionysio]

406 712 623 769 litteras
663 712 950 787 dedissem,
995 714 1209 787 vesperi
1250 712 1324 771 ad
1365 732 1466 771 nos
1514 714 1705 771 eodem
1750 714 1838 771 die
1882 715 2039 771 venit
2079 714 2203 786 ipse

406 809 722 881 Dionysiae,
753 810 1085 868 auctoritate
1123 815 1224 867 tua
1263 815 1560 883 permotus,
1593 815 1660 868 ut
1702 812 1961 884 suspicor.
2050 810 2201 880 Quid

407 908 554 964 enim
579 912 772 980 putem
813 908 1004 966 aliud?
1085 908 1212 965 Etsi
1240 908 1380 966 solet
1421 926 1563 981 eum,
1603 927 1727 965 cum
1758 908 1969 981 aliquid
1995 909 2205 965 furiose

405 1006 552 1079 fecit,
583 1006 876 1079 paenitere.
965 1005 1289 1079 Numquam
1318 1011 1506 1064 autem
1534 1006 1781 1064 cerritior
1805 1006 1917 1063 fuit
1945 1025 2111 1079 quam
2139 1008 2201 1064 in

405 1104 508 1161 hoc
550 1106 784 1178 negotio.
873 1105 1039 1177 Nam,
1072 1105 1221 1177 quod
1262 1105 1334 1161 ad
1374 1110 1433 1162 te
1473 1123 1584 1162 non
1626 1106 1962 1179 scripseram,
2006 1109 2201 1178 postea

405 1203 595 1259 audivi
622 1221 656 1259 a
681 1202 848 1260 tertio
875 1202 1112 1259 miliario
1139 1204 1406 1273 timuisse,

607 1356 810 1415 πολλὰ
849 1356 1037 1433 μάτην
1066 1355 1371 1433 κεράεσσιν
1400 1354 1454 1418 ἐς
1479 1354 1619 1434 ἠέρα
1643 1356 1984 1433 θυμήναντα,

407 1517 598 1587 multa,
631 1517 874 1590 inquam,
905 1516 1053 1573 mala
1093 1534 1218 1573 cum
1260 1516 1525 1575 dixisset:
1568 1534 1667 1573 suo
1708 1515 1893 1589 capiti,
1926 1520 1992 1589 ut
2019 1517 2195 1574 aiunt.

383 1613 518 1692 ‚Sed
545 1632 613 1671 en
640 1632 820 1672 meam
841 1612 1356 1671 mansuetudinem!
1429 1612 1776 1671 Conieceram
1797 1613 1857 1670 in
1876 1613 2199 1673 fasciculum

407 1730 518 1768 una
553 1730 678 1769 cum
720 1716 821 1769 tua
847 1711 1231 1769 vehementem
1272 1711 1347 1768 ad
1387 1710 1548 1767 illum
1590 1712 1914 1785 epistolam:
1957 1711 2099 1768 hanc
2126 1712 2200 1768 ad

407 1828 494 1867 me
537 1810 726 1867 referri
767 1810 908 1882 volo,
965 1827 1067 1867 nec
1109 1808 1285 1866 ullam
1333 1809 1403 1866 ob
1452 1808 1621 1866 aliam
1668 1826 1889 1866 causam
1934 1808 2197 1866 Pollicem

291 1932 294 1935 ⁴
406 1924 625 1965 servum
667 1925 702 1964 a
740 1906 975 1980 pedibus
1015 1907 1152 1964 meis
1193 1906 1431 1964 Romam
1472 1906 1611 1965 misi.
1701 1906 1785 1963 Eo
1826 1910 2013 1963 autem
2041 1906 2113 1963 ad
2141 1911 2199 1963 te

385 2004 613 2078 ‘sol-ipsi,
645 2008 726 2075 ut,
757 2004 805 2061 si
833 2004 938 2061 tibi
979 2004 1122 2062 forte
1161 2003 1381 2061 reddita
1424 2007 1583 2075 esset,
1617 2003 1755 2060 mihi
1796 2021 2011 2060 curares
2036 2004 2199 2060 refer-

406 2102 624 2174 endam,
658 2119 728 2158 ne
768 2102 829 2158 in
865 2102 1017 2159 illius
1059 2120 1258 2159 manus
1297 2102 1622 2174 perveniret.
1712 2102 1763 2158 2.
1812 2101 1961 2158 Novi
1988 2100 2198 2173 siquid

407 2204 567 2269 esset,
613 2200 964 2271 scripsissem.
1052 2199 1274 2257 Pendeo
1330 2200 1502 2256 animi
1555 2199 1963 2272 exspectatione
2018 2197 2087 2255 de
2140 2216 2197 2255 re
2252 2204 2255 2207 ’

411 2296 754 2365 Corfiniensi,
785 2296 844 2352 in
873 2314 984 2368 qua
1010 2295 1078 2352 de
1107 2295 1287 2353 salute
1315 2296 1395 2353 rei
1422 2295 1675 2369 publicae
1696 2295 2031 2353 decernetur.
2102 2296 2198 2353 ·Tu

408 2393 744 2465 fasciculum,
775 2394 873 2465 qui
905 2397 990 2451 est
1032 2393 1128 2451 M’.
1165 2393 1364 2451 Gmuo
1406 2394 1717 2467 inscriptus,
1749 2393 1917 2450 velim
1946 2410 2099 2449 cures
2126 2392 2198 2449 ad

409 2511 536 2551 eum
574 2491 972 2566 perferendum,
1018 2492 1384 2565 Tironemque
1426 2490 1593 2549 Curio
1635 2491 1979 2549 commendes
2022 2496 2079 2547 et
2134 2494 2199 2547 ut

410 2591 506 2648 det
533 2591 600 2659 ei,
628 2590 678 2647 si
703 2589 839 2662 quid
867 2607 1003 2663 opus
1031 2590 1137 2646 erit
1163 2589 1223 2645 in
1250 2593 1552 2662 sumptum,
1583 2606 1751 2662 roges.

288 2821 300 2838 ⁸
364 2802 475 2907 κω
571 2868 746 2925 XLV.
792 2867 890 2924 ro
934 2866 1287 2936 ATTIcUS,
1330 2882 1399 2923 m
1441 2866 1621 2925 Ronm
1665 2860 1831 2945 (Am.
1874 2882 1957 2923 1x.
2001 2863 2063 2943 2)

163 2902 497 3121 *st

581 3025 889 3083 FORMIAE,
929 3024 1114 3071 A.U.c.
1158 3020 1287 3082 7053
1334 3023 1449 3071 B.C.
1488 3024 1584 3081 49;
1629 3024 1769 3071 AET.
1807 3023 1925 3071 010.
1966 3020 2027 3072 57

491 3156 630 3213 Quod
652 3157 844 3203 Atticus
867 3156 1068 3216 epistola
1101 3155 1308 3215 quadam
1332 3156 1585 3215 scripserat
1606 3170 1657 3202 se
1688 3156 1893 3215 gaudere
1928 3155 2196 3204 Ciceronem

412 3234 651 3291 mansisse,
685 3234 780 3279 iam
820 3234 1006 3294 quaerit
1046 3234 1208 3281 Cicero
1244 3236 1407 3280 utrum
1440 3234 1543 3293 ipse
1576 3234 1677 3280 eius
1710 3233 1997 3280 sententiam
2029 3246 2196 3292 parum
