2434 3734
95 307 102 314 ι
391 239 452 288 12
957 235 1108 286 v111.
1149 222 1334 303 (EAM.
1377 234 1517 286 XIV.
1557 221 1613 304 4)

389 411 553 467 quam
595 395 653 450 in
697 393 988 450 Formiano
1013 410 1153 451 eum.
1241 391 1379 450 Dies
1418 393 1567 450 enim
1607 393 1795 450 nullus
1841 397 1975 465 erat,
2017 393 2180 450 Antii

387 510 513 549 cum
568 509 758 564 essem,
811 509 921 566 quo
975 491 1064 548 die
1118 508 1231 548 non
1284 490 1483 548 melius
1536 491 1732 548 scirem
1781 491 1991 548 Romae
2044 491 2181 565 quid

387 594 642 663 ageretur
668 607 836 662 quam
862 589 904 646 ii
931 590 1029 662 qui
1056 594 1216 647 erant
1238 588 1461 648 Romae.
1548 588 1773 646 Etenim
1800 589 2022 648 litterae
2048 595 2181 647 tuae

389 705 498 745 non
538 686 718 745 solum
763 687 899 760 quid
937 687 1162 759 Romae,
1194 685 1293 743 sed
1340 687 1512 743 etiam
1559 685 1694 759 quid
1741 687 1800 742 in
1840 704 1900 743 re
1939 686 2177 759 publica,

387 803 564 858 neque
591 784 770 842 solum
797 784 934 858 quid
962 784 1132 857 fieret,
1164 801 1359 842 verum
1392 785 1564 841 etiam
1596 783 1731 856 quid
1757 783 2009 842 futurum
2036 789 2182 842 esset

387 881 722 940 indicabant.
810 881 992 954 Nunc,
1023 881 1132 938 nisi
1174 881 1225 938 ei
1265 879 1401 953 quid
1442 897 1511 937 ex
1550 884 1933 954 praetereunte
1968 882 2183 938 viatore

389 983 680 1053 exceptum
708 983 809 1052 eet,
841 979 980 1036 scire
1005 978 1148 1035 nihil
1187 995 1494 1051 possumus,
1582 977 1707 1047 Qua
1747 995 1806 1035 re
1846 996 2183 1052 quamquam

387 1079 499 1135 iam
540 1082 599 1134 te
639 1079 824 1150 ipsum
865 1081 1136 1150 exspecto,
1178 1080 1366 1133 tamen
1406 1076 1505 1132 isti
1545 1093 1730 1148 puer0,
1776 1093 1940 1148 quem
1981 1076 2054 1133 ad
2094 1094 2185 1134 me

133 1233 139 1247 ί
167 1213 182 1227 .
388 1175 582 1231 statim
609 1175 748 1232 iussi
774 1191 1061 1245 recurrere,
1094 1173 1167 1230 da
1203 1173 1564 1246 ponderosam
1596 1173 1841 1245 aliquam
1874 1172 2179 1246 epistolam,

316 1298 350 1329 κ
387 1272 607 1344 plenam
635 1273 883 1330 omnium
909 1288 1021 1328 non
1053 1270 1216 1327 modo
1250 1275 1513 1342 actorum,
1544 1270 1640 1338 sed
1669 1271 1837 1327 etiam
1864 1270 2182 1343 opinionum

391 1374 628 1442 tuarum,
660 1388 724 1426 ac
757 1369 920 1441 diem,
953 1386 1064 1441 quo
1107 1367 1289 1424 Roma
1327 1369 1406 1424 eie
1446 1369 1711 1441 exiturae,
1742 1387 1873 1425 eura
1898 1373 1965 1426 ut
1991 1369 2179 1428 eciam.

391 1467 442 1525 2.
489 1467 546 1524 N
550 1483 610 1521 os
652 1467 711 1522 in
753 1465 1046 1523 Formiano
1073 1483 1190 1522 esee
1217 1465 1476 1522 volumus
1517 1483 1691 1540 usque
1718 1465 1791 1522 ad
1816 1466 1957 1540 prid.
1990 1466 2047 1523 N
2050 1485 2185 1523 onae

388 1565 524 1622 Mai.
613 1565 696 1620 Eo
729 1564 776 1620 ei
817 1569 948 1621 ante
989 1581 1110 1621 eam
1152 1565 1300 1622 diem
1327 1583 1438 1622 non
1464 1565 1696 1635 veneris,
1730 1564 1939 1622 Romae
1968 1569 2025 1622 te
2052 1564 2187 1622 fort-

390 1679 510 1720 asse
536 1661 748 1718 videbo,
837 1655 994 1717 Nam
1015 1660 1293 1734 Arpinum
1319 1661 1455 1734 quid
1482 1679 1582 1733 ego
1609 1666 1668 1719 te
1693 1662 1966 1720 invitem‘l

1722 1812 1959 1838 22222

523 1914 591 1991 ἧς
617 1913 788 1993 γαίης
814 1912 1053 1990 δύναμαι
1080 1912 1511 1992 γλυκερώτερον
1541 1913 1698 1972 ἄλλο
1730 1911 1961 1974 ἰδέσθαι.

393 2075 548 2132 Haec
574 2075 761 2148 igitur,
795 2079 853 2131 et
881 2092 1012 2131 cura
1038 2078 1105 2130 ut
1135 2073 1333 2134 valeas.
1448 2098 1477 2208 ζ
1722 2121 1835 2187 a!
1853 2041 1949 2188 s
2134 2169 2187 2191 ,-

1738 2132 2150 2283 624χᾲ
2170 2199 2241 2258 ξ’

327 2350 372 2635 ἴ
456 2368 626 2425 vm.
673 2367 770 2424 'ro
814 2367 948 2424 HIS
993 2365 1315 2437 FAMILY,
1348 2381 1418 2422 m
1460 2365 1640 2422 Rom
1682 2363 1866 2443 (rm.
1899 2381 2028 2424 x1v.
2062 2363 2127 2444 4)

502 2529 938 2587 BRUNDISIUM,
975 2527 1166 2576 A.U.0.
1205 2528 1337 2588 6963
1383 2529 1495 2576 Rc.
1538 2529 1636 2588 583
1681 2528 1821 2577 Am,
1862 2528 1982 2576 010.
2024 2529 2087 2576 48

478 2674 544 2720 M.
585 2673 771 2719 Tullius
806 2673 946 2718 uxori
989 2671 1238 2718 Terentiae
1288 2671 1457 2718 scribit
1507 2685 1557 2718 se
1603 2671 1861 2717 Brundisio
1904 2685 1991 2730 per
2032 2671 2190 2718 Maee-

396 2751 588 2798 doniam
611 2750 837 2810 Cyzicum
859 2749 1096 2808 proficisci
1118 2751 1168 2795 et
1190 2748 1451 2796 sollicitum
1474 2763 1576 2796 esse
1602 2749 1662 2795 de
1694 2749 1800 2808 ipsa
1821 2751 1871 2794 et
1901 2748 2095 2820 liberis:
2133 2749 2190 2796 de

393 2829 540 2876 servis
563 2842 707 2874 manu
729 2827 994 2884 mittendis,
1020 2827 1080 2873 de
1103 2826 1283 2873 doloris
1306 2827 1383 2873 eui
1405 2827 1594 2884 solacio,
1620 2827 1681 2872 de
1702 2825 1983 2871 libertorum
2010 2825 2119 2873 fide.

449 2985 710 3027 TULLIUS
739 2985 782 3025 S.
813 2985 866 3026 D.
902 2983 1247 3024 TERENTIAE
1276 2983 1351 3023 ΕΤ
1380 2981 1719 3024 TULLIOLAE
1748 2982 1822 3023 ΕΤ
1852 2981 2140 3022 CICERONI

1223 3080 1357 3121 SUIS

501 3223 550 3281 l.
597 3224 717 3295 Ego
745 3224 929 3280 minus
957 3241 1118 3296 saepe
1146 3222 1217 3279 do
1244 3221 1317 3278 ad
1343 3240 1443 3279 voe
1477 3221 1694 3279 litterae
1734 3239 1900 3293 quam
1942 3238 2176 3293 possum

129 3326 221 3400 A
425 3355 656 3452 m
695 3325 1952 3587 ww
1401 3372 1531 3457 κώ
1617 3320 2327 3450 Ἰνὼ

480 3483 1358 3696 ww

1373 3479 2427 3690 mmm,
