2434 3734
690 249 898 299 xxxv.
937 238 1106 317 (A‘rr.
1145 250 1235 299 vl.
1276 251 1321 313 1,
1356 242 1411 313 §g
1446 239 1629 316 17-26)
1970 252 2032 299 63

246 404 309 463 τί
333 401 579 478 λοιπόν,·
621 404 818 463 deinde
844 422 933 461 me
962 403 1210 461 obsecras
1238 404 1630 475 amantissime,
1655 422 1724 461 ne
1745 403 2037 461 obliviscar

247 503 475 577 vigilare
503 507 562 559 et
599 507 666 558 ut
701 501 1136 559 animadvertam
1178 518 1319 573 quae
1355 501 1507 559 fiant.
1596 501 1750 559 Num
1792 501 1928 575 quid
1967 502 2035 559 de

249 618 356 672 quo
397 598 702 656 inaudisti‘l
781 598 907 655 Etsi
948 598 1088 655 nihil
1130 599 1249 655 eius
1288 598 1439 655 modi
1480 604 1580 659 est.
1676 596 1929 655 Πολλοῦ
1970 620 2036 677 γε

250 694 346 752 καὶ
390 694 485 756 δεῖ.
572 697 692 753 Nec
733 696 881 753 enim
920 713 1010 753 mc
1050 684 1337 752 fefellisset
1378 713 1476 752 nec
1517 696 1688 753 fallet.
1777 696 1888 754 Sed
1927 697 2037 753 ista

248 794 551 852 admonitio
588 798 689 851 tua
715 798 833 850 tam
870 797 1128 850 accurata
1163 793 1346 850 nescio
1384 793 1519 866 quid
1556 793 1694 850 mihi
1731 794 2036 867 significare

247 894 368 949 visa
395 896 496 949 est.
584 892 676 949 21.
722 891 810 948 De
840 891 918 949 M.
946 891 1179 948 Octavio
1207 892 1410 948 iterum
1438 891 1550 947 iam
1580 892 1687 949 tibi
1716 892 1953 949 rescribo
1979 896 2037 949 te

248 988 332 1045 illi
378 988 548 1061 probe
597 987 958 1060 respondisse,
1009 987 1195 1060 paullo
1249 986 1449 1044 vellem
1504 988 1781 1047 fidentius.
1888 988 2036 1046 Nam

250 1086 470 1144 Caelius
499 1086 763 1143 libertum
791 1085 863 1142 ad
890 1102 979 1142 me
1006 1085 1161 1142 misit
1189 1090 1249 1142 et
1274 1086 1495 1143 litteras
1524 1092 1777 1144 accurate
1805 1087 2037 1159 scriptas

248 1189 306 1241 et
342 1184 412 1241 de
450 1182 735 1254 pantheris
772 1187 830 1239 et
866 1200 900 1239 a
937 1182 1277 1241 civitatibus.
1365 1182 1641 1256 Rescripsi
1684 1183 1921 1240 alterum
1949 1201 2038 1241 me

249 1281 478 1339 moleste
518 1280 674 1351 ferre,
726 1280 775 1337 si
817 1297 917 1351 ego
957 1280 1016 1336 in
1058 1280 1301 1337 tenebris
1341 1279 1573 1337 laterem
1615 1298 1714 1337 nec
1756 1280 2039 1337 audiretur

250 1380 458 1436 Romae
507 1377 722 1434 nullum
770 1377 828 1434 in
876 1394 1001 1433 mea
1046 1377 1330 1449 provincia
1369 1395 1659 1435 nummum
1700 1378 1807 1434 nisi
1847 1378 1906 1435 in
1946 1396 2039 1435 aes

249 1475 490 1532 alienum
529 1475 755 1546 erogari,
796 1473 1066 1546 docuique
1103 1490 1202 1530 nec
1244 1474 1384 1530 mihi
1424 1474 1711 1531 conciliare
1751 1475 2038 1547 pecuniam

249 1573 411 1629 licere
447 1590 547 1628 nec
583 1570 668 1627 illi
707 1588 915 1643 capere,
947 1571 1245 1643 monuique
1282 1589 1423 1643 cum,
1457 1589 1622 1645 quem
1660 1572 1822 1643 plane
1848 1572 2035 1645 diligo,

250 1674 330 1741 ut,
383 1688 507 1726 cum
555 1668 690 1725 alios
735 1672 1058 1739 accusasset,
1113 1669 1331 1725 cautius
1379 1670 1611 1741 viveret,
1664 1669 1805 1726 illud
1852 1675 2037 1727 autem

251 1767 486 1825 alterum
529 1765 770 1822 alienum
812 1783 930 1822 esse
971 1766 1380 1824 existimatione
1422 1784 1574 1840 mea‚.
1607 1766 1900 1839 Cibyratas
1942 1768 2039 1824 im-

252 1866 400 1937 perio
427 1881 549 1921 meo
577 1862 797 1935 publice
825 1864 1027 1921 venari.
1119 1864 1208 1922 22.
1258 1864 1439 1937 Lepta
1464 1869 1565 1921 tua
1586 1863 1820 1937 epistola
1839 1864 2040 1936 gaudio

251 1961 510 2019 exsultat.
619 1960 842 2017 Etenim
891 1961 1098 2033 scripta
1146 1960 1288 2018 belle
1339 1967 1426 2018 est
1474 1979 1670 2034 meque
1718 1962 1866 2034 apud
1912 1980 2039 2020 eum

251 2077 452 2131 magna
487 2059 548 2114 in
583 2059 765 2130 gratia
800 2059 1002 2130 posuit.
1090 2058 1291 2115 Filiola
1327 2064 1427 2115 tua
1462 2064 1684 2131 gratum
1722 2059 1861 2115 mihi
1887 2059 2035 2133 fecit,

250 2156 397 2230 quod
426 2155 534 2212 tibi
561 2154 857 2226 diligenter
882 2153 1173 2212 mandavit
1199 2159 1267 2211 ut
1288 2155 1427 2211 mihi
1448 2155 1685 2212 salutem
1706 2155 2038 2215 ascriberes:

249 2258 470 2325 gratum
501 2252 671 2309 etiam
710 2250 870 2322 Pilia,
902 2252 999 2308 sed
1036 2250 1135 2308 illa
1172 2252 1478 2325 officiosius,
1512 2253 1660 2326 quod
1690 2252 1845 2323 mihi,
1874 2271 2040 2326 quem

253 2348 388 2430 [iam
415 2345 654 2428 pridem]
679 2368 981 2422 numquam
1002 2348 1161 2407 vidit.
1251 2349 1435 2423 Igitur
1464 2356 1529 2408 tu
1557 2369 1772 2424 quoque
1802 2351 2040 2409 salutem

249 2450 472 2520 utrique
527 2447 802 2505 ascribito.
909 2447 1253 2505 Litterarum
1300 2448 1557 2506 datarum
1606 2450 1724 2507 dies
1771 2468 1852 2523 pr.
1907 2450 2035 2510 Kal.

251 2547 474 2602 Ianuar.
533 2562 760 2601 suavem
821 2544 1021 2601 habuit
1075 2544 1508 2603 recordationem
1564 2546 1851 2603 clarissimi
1906 2548 2041 2605 iuris

249 2643 484 2713 iurandi,
545 2642 691 2714 quod
745 2658 846 2714 ego
900 2659 1009 2697 non
1065 2659 1214 2699 eram
1272 2643 1493 2701 oblitus.
1600 2644 1839 2717 Magnus
1894 2647 2041 2702 enim

248 2744 632 2814 praetextatus
685 2738 782 2794 illo
829 2738 919 2796 die
967 2737 1065 2797 fui.
1179 2739 1371 2797 Habes
1420 2740 1491 2797 ad
1546 2742 1745 2812 omnia,
1797 2759 1923 2815 non,
1976 2750 2041 2802 ut

248 2836 560 2910 postulasti,
598 2832 816 2911 χρύσεα
846 2830 1150 2909 χαλκείων,
1182 2836 1281 2893 sed
1308 2838 1463 2909 paria
1488 2838 1713 2910 paribus
1742 2834 2041 2916 [respondi-

249 2928 416 3011 mus].
507 2932 598 2990 23.
647 2933 786 2989 Ecce
824 2931 934 2988 alia
971 2937 1159 2989 autem
1197 2934 1399 3005 pusilla
1438 2934 1685 3008 epistola,
1729 2954 1895 3007 quam
1931 2956 2039 2995 non

249 3030 561 3101 relinquam
590 3025 1067 3103 ἀναντιφῶνητον.
1145 3030 1349 3105 †Bene
1371 3030 1678 3088 mehercule
1699 3033 1885 3105 potuit
1904 3034 2041 3092 Luc·

250 3127 400 3184 ceius
457 3125 846 3197 Tusculanum,
905 3127 1012 3183 nisi
1067 3126 1447 3184 forto—solet
1506 3130 1875 3187 enim—‘cum
1940 3151 2040 3190 suo

250 3223 539 3298 tibicine,†
583 3228 641 3279 et
680 3222 849 3280 velim
891 3224 1028 3280 scire
1069 3224 1166 3295 qui
1202 3225 1280 3280 sit
1306 3228 1489 3281 status
1517 3226 1649 3284 eius.
1737 3228 2034 3287 Lentulum
