2434 3734
815 266 999 317 XLVI.
1041 258 1208 337 (A'rr,
1247 266 1309 316 Χ.
1348 254 1433 332 17)
1961 268 2021 317 81

241 427 305 477 ut
349 419 712 493 appellantur,
743 419 890 477 boni.
979 418 1088 477 Sed
1131 423 1319 476 tamen
1362 418 1421 475 id
1462 420 1645 492 ipsum
1672 420 1811 477 scire
1851 420 2026 493 cupi0‚

239 517 376 591 quid
402 518 715 591 loquantur,
749 516 914 590 idque
935 522 1001 574 ut
1029 517 1283 589 exquiras
1304 534 1499 590 meque
1527 518 1814 575 certiorem
1842 518 2025 589 facias,

241 620 298 673 te
339 614 692 672 vehementer
732 632 876 686 rogo,
965 614 1084 671 Nos
1126 614 1309 671 adhuc
1348 614 1483 687 quid
1518 614 1802 672 Brundisii
1844 619 2031 673 actum

241 717 386 771 esset
411 712 574 785 plane
613 712 1028 770 nesciebamus:
1071 729 1196 769 cum
1238 712 1486 783 sciemus,
1518 717 1643 770 tum
1683 731 1750 770 ex
1776 731 1837 771 re
1864 718 1923 771 et
1962 731 2031 770 ex

241 816 488 884 tempore
517 810 805 867 consilium
832 809 1126 883 capiemus,
1158 810 1257 867 sed
1382 828 1505 867 mur
1526 814 1813 1062 ωαχ

231 1083 237 1093 “
361 1088 569 1145 XLVI.
610 1087 709 1145 ΤΟ
752 1086 1223 1160 ATTIOUS,1N
1265 1087 1445 1145 Rom
1489 1085 1656 1164 (A‘rr.
1704 1102 1761 1144 x.
1807 1084 1907 1164 17)

415 1244 702 1304 roman,
741 1243 931 1293 A.U.c.
971 1240 1101 1303 7053
1148 1242 1265 1292 nc,
1308 1244 1405 1303 493
1450 1244 1593 1292 An‘r.
1634 1243 1751 1292 010.
1794 1240 1854 1293 57

321 1388 394 1433 De
417 1386 665 1433 Hortensii
688 1385 749 1431 ad
766 1398 816 1433 se
839 1385 1064 1444 adventu,
1095 1385 1154 1433 de
1176 1384 1449 1445 Serapionis
1472 1385 1682 1432 adventu
1705 1398 1815 1432 cum
1828 1384 2029 1445 epistola

240 1465 409 1525 Attici,
437 1465 497 1511 de
519 1463 810 1523 lippitudine
832 1476 920 1509 sua
941 1464 992 1510 et
1013 1462 1287 1510 valetudine
1317 1462 1486 1521 Attici,
1514 1463 1573 1510 de
1597 1462 1772 1523 Ocella,
1803 1462 2022 1523 deniqne,

239 1542 370 1603 qnod
394 1542 453 1620 de
476 1541 738 1601 diplomate
759 1540 915 1587 Attici
937 1541 1206 1601 suspicatus
1229 1542 1345 1598 erat,
1374 1553 1425 1587 se
1447 1542 1656 1590 excusat.

345 1682 394 1741 1.
442 1680 628 1738 Pridie
649 1680 786 1738 Idus
808 1680 1143 1739 Hortensius
1173 1680 1246 1737 ad
1267 1698 1357 1738 me
1376 1682 1532 1738 venit
1551 1681 1758 1754 scripta
1776 1680 2024 1755 epistola.

240 1779 458 1838 Vellem
480 1783 662 1837 cetera
681 1778 813 1835 eius.
897 1777 1076 1847 Quam
1106 1778 1163 1833 in
1191 1795 1281 1835 me
1309 1776 1687 1835 incredibilem
1716 1774 2027 1837 ἐκτένειανέ
2138 1820 2142 1828 ,

240 1894 352 1951 qua
383 1876 606 1950 quidem
645 1874 829 1947 cogito
869 1875 969 1932 uti.
1057 1874 1277 1932 Deinde
1321 1874 1585 1947 Serapion
1628 1892 1753 1932 cum
1796 1875 2029 1947 epistola

240 1980 354 2043 tua,
387 1991 554 2046 quam
581 1973 732 2045 prius
760 1989 927 2045 quam
961 1972 1311 2045 aperuissem,
1343 1972 1461 2029 dixi
1488 1972 1539 2029 ei
1566 1976 1624 2029 te
1651 1971 1724 2028 ad
1751 1989 1841 2029 me
1869 1971 1937 2029 de
1964 1990 2029 2031 eo

239 2070 518 2144 scripsisse
562 2072 742 2140 antea,
793 2072 861 2124 ut
914 2068 1132 2127 feceras.
1229 2068 1463 2142 Deinde,
1522 2068 1759 2142 epistola
1812 2070 2023 2141 stricta,

237 2167 673 2225 cumulatissime
722 2170 938 2225 cetera:
987 2170 1046 2223 et
1098 2166 1319 2223 hercule
1373 2165 1653 2224 hominem
1705 2167 1915 2224 bonum
1970 2172 2027 2225 et

238 2267 464 2347 doctum
506 2269 564 2321 et
590 2264 826 2337 probum
852 2264 1140 2323 existimo:
1183 2264 1319 2337 quin
1352 2264 1520 2321 etiam
1548 2264 1680 2322 navi
1708 2265 1824 2321 eius
1852 2283 1941 2323 me
1968 2270 2027 2323 et

237 2365 360 2435 ipso
399 2365 722 2420 convectore
761 2378 990 2419 usurum
1031 2364 1180 2434 puto.
1268 2361 1319 2420 2.
1366 2360 1573 2419 Orebro
1605 2362 1828 2419 refricat
1867 2361 2026 2437 lippi-

241 2460 391 2532 tudo,
417 2472 525 2516 non
547 2459 645 2516 illa
671 2458 894 2531 quidem
922 2457 1223 2531 perodiosa,
1254 2457 1353 2515 sed
1380 2462 1568 2515 tamen
1596 2475 1738 2530 quae
1757 2459 2026 2532 impediat

237 2557 590 2631 scriptionem
617 2574 812 2614 meam.
898 2555 1292 2614 Valetudinem
1320 2560 1479 2613 tuam
1505 2556 1618 2613 iam
1647 2556 2026 2615 confirmatam

235 2672 355 2712 esse
373 2661 386 2721 ᾗ
397 2658 456 2711 et
482 2672 518 2710 a
543 2658 730 2710 vetere
756 2652 949 2709 morbo
977 2656 1034 2709 et
1062 2671 1097 2708 a
1123 2652 1282 2709 novis
1305 2652 1764 2727 temptationibus
1790 2654 2019 2727 gaudeo,

239 2750 294 2809 3.
326 2748 572 2807 Ocellam
592 2748 793 2805 vellem
820 2748 1159 2807 haberemus.
1208 2748 1549 2807 Viderentur
1569 2750 1716 2807 enim
1744 2768 1861 2808 esse
1890 2751 2024 2809 haec

239 2848 423 2924 paullo
443 2846 702 2905 faciliora.
780 2846 946 2903 Nunc
966 2846 1191 2920 quidem
1209 2848 1617 2920 aequinoctium
1638 2864 1737 2903 nos
1756 2853 2018 2923 moratur,

236 2946 385 3021 quod
405 2944 568 3003 valde
589 2944 976 3017 perturbatum
998 2949 1132 3002 erat.
1207 2944 1349 3001 Inde
1370 2945 1419 3002 si
1441 2940 1639 3018 ἅκραὲς
1661 2944 1781 3016 erit,
1807 2946 2022 3003 utinam

234 3044 382 3103 idem
437 3046 661 3099 maneat
716 3041 1084 3100 Hortensius!
1147 3042 1196 3099 si
1244 3041 1482 3115 quidem,
1537 3047 1602 3098 ut
1650 3042 1831 3099 adhuc
1884 3049 2017 3119 erat,

233 3138 518 3201 liberalius
545 3156 662 3197 esse
689 3138 830 3195 nihil
861 3142 1060 3210 potest.
1143 3138 1196 3195 4.
1241 3136 1330 3194 De
1368 3137 1683 3212 diplomate,
1715 3138 2017 3213 admirariS,

233 3238 394 3315 quasi
425 3236 608 3295 nescio
649 3237 804 3294 cuius
846 3240 903 3293 te
944 3235 1143 3307 flagitii
1185 3235 1562 3293 insimularim.
1646 3238 1835 3310 Negas
1876 3240 2017 3297 enim

1115 3352 1154 3393 G
