2434 3734
599 187 954 241 APPENDIX
989 189 1074 239 TO
1113 189 1190 239 IN
1193 189 1639 241 TRODUCTION
1914 183 2009 242 cxi

808 539 891 588 OT
934 539 1187 587 ΤΑΤΤΟΝ
1232 539 1432 588 ΕῙΔΟΣ

219 678 407 728 PRIMO
430 676 650 743 quidem,
679 678 742 726 ut
762 677 817 726 in
838 675 987 726 rebus
1007 671 1164 725 novis'
1179 675 1333 725 ferme
1354 675 1430 738 fit,
1460 680 1609 726 erunt
1631 678 1721 743 qui
1750 679 2008 731 fallantur.

219 755 335 804 Hac
367 754 630 820 rogatione
664 754 856 819 perlata
894 767 1224 818 unaquaeque
1264 752 1433 819 puella
1465 753 1541 804 nil
1581 771 1749 806 morae
1785 757 2015 808 futurum

219 832 348 898 quin
379 834 604 896 nuptum
638 829 788 881 detur
818 829 1145 880 existimabit.
1221 829 1369 880 Pueri
1403 831 1491 896 qui
1524 831 1808 883 Minervam
1841 835 2017 885 colunt

219 909 320 959 sibi
341 923 636 974 persuasum
657 907 921 958 habebunt
942 908 1045 957 fore
1065 910 1128 957 ut
1149 906 1284 973 logos
1305 909 1662 973 grammaticae
1683 911 2017 976 antiquantur

221 989 275 1036 et
297 985 638 1036 crustulorum
661 1000 862 1035 annona
883 983 1093 1035 tandem
1115 982 1389 1050 aliquando
1406 984 1569 1035 laxior
1586 986 1690 1039 fiat.
1752 987 2017 1039 Tesserarii

222 1067 276 1114 et
307 1064 628 1114 centuriones
660 1061 849 1128 duplex
881 1061 1194 1128 stipendium
1228 1061 1326 1111 sibi
1358 1063 1662 1128 promittent
1684 1081 1697 1125 ;
1745 1065 1933 1115 Bavius
1966 1071 2019 1116 et

223 1142 452 1192 Maevius
473 1140 631 1192 libros
653 1155 768 1191 suos
789 1155 926 1190 nunc
948 1139 1152 1191 demum
1175 1139 1330 1190 Sosiis
1351 1155 1466 1190 aera
1496 1142 1763 1194 merituros
1793 1142 2011 1196 credent.

226 1220 401 1282 Stulti,
443 1223 506 1270 ut
543 1234 752 1285 semper,
798 1219 986 1270 frustra
1024 1221 1207 1279 erunt3
1258 1217 1488 1269 homines
1532 1235 1650 1270 vero
1694 1221 2010 1287 perspicaces,

226 1299 410 1364 quibus
432 1297 560 1364 quid
580 1296 730 1348 liceat
751 1311 946 1363 sperare
967 1300 1162 1358 nom,
1185 1294 1264 1346 nil
1280 1311 1492 1362 parvum
1509 1298 1682 1363 profici
1698 1299 2011 1365 intellegent.

790 1760 1101 1811 PRAEMIA
1147 1759 1469 1810 MILITIAE

232 1905 549 1953 Accnrmus
585 1900 690 1950 fore
721 1904 782 1950 ut
815 1900 1066 1950 militibus
1100 1899 1437 1950 exauctoratis
1480 1914 1593 1948 aera
1637 1898 1925 1965 procedant,
1972 1904 2023 1950 et

229 1981 330 2030 alia
352 1977 598 2029 accedant
619 1976 880 2027 commoda
901 1977 946 2027 si
967 1976 1133 2027 denuo
1155 1977 1364 2027 nomina
1386 1974 1543 2026 edant
1563 1993 1576 2036 3
1610 1979 1664 2026 et
1684 1977 1729 2026 si
1742 1976 1887 2042 apud
1909 1992 2021 2026 con·

231 2057 502 2122 quisitores
524 2053 606 2104 vel
627 2053 694 2103 ad
715 2055 906 2105 stativa
938 2055 1176 2120 cuiusque
1208 2052 1421 2119 legionis
1453 2053 1799 2119 profiteantur,
1829 2054 2023 2104 viritim

232 2133 405 2183 deberi
427 2132 810 2197 conscriptionis
831 2130 1109 2182 mercedem
1131 2134 1185 2182 et
1206 2130 1451 2182 viaticum
1474 2130 1564 2181 HS
1586 2143 1873 2196 sexagenos.

775 2480 1003 2531 SERMO
1047 2479 1502 2531 GONVIVIALIS

238 2622 370 2674 emo
393 2618 604 2670 tandem
627 2619 902 2685 apposito‘
916 2619 1018 2668 iam
1041 2633 1215 2668 cenare
1250 2618 1411 2680 libet‚’
1440 2618 1610 2668 Pisoni
1642 2617 1778 2669 dixit
1810 2622 1863 2669 et
1892 2617 2033 2669 ‘ideo

237 2699 562 2766 potissimum
581 2696 712 2746 mihi
733 2695 1119 2746 admirationem
1139 2711 1311 2745 moves
1333 2694 1468 2760 quod
1490 2699 1599 2745 tam
1631 2695 1789 2761 perite
1822 2695 2033 2760 Anglice

237 2775 460 2842 loqueris
479 2777 543 2824 ut
574 2789 723 2824 nemo
754 2773 915 2839 possit
947 2771 1163 2823 melius)
1165 2801 1231 2809 —
1240 2772 1466 2838 ‘Lingua
1498 2772 1749 2838 Anglica‚'
1774 2773 2035 2837 respondit

241 2855 416 2916 Pis0,‘
431 2852 666 2942 quamvis
687 2853 868 2917 arguta
888 2851 958 2900 sit
979 2854 1151 2900 tamen
1174 2867 1232 2900 ea
1254 2853 1332 2900 est
1354 2865 1507 2915 quam
1530 2850 1643 2914 quis
1666 2849 1811 2900 facile
1832 2849 2028 2901 calleat.

241 2933 392 2982 Fines
422 2931 530 2980 eius
551 2944 730 2994 parum
752 2928 942 2994 ampli:
977 2928 1164 2994 quippe
1184 2931 1429 2993 quattuor
1450 2930 1671 2988 tantum,
1700 2925 1838 2992 quod
1860 2927 2029 2990 sciam,

241 3009 452 3060 nomina
482 3007 685 3056 habeat.
757 3005 822 3055 Ei
853 3005 989 3054 enim
1020 3021 1098 3054 res
1121 3005 1329 3070 quaevis
1352 3006 1430 3054 est
1450 3007 1543 3055 aut
1566 3004 1733 3066 lepida
1749 3006 1839 3054 aut
1846 3006 2038 3067 festiva

242 3088 334 3136 aut
355 3084 524 3134 dulcis
551 3085 644 3131 aut
675 3082 872 3131 insulsa
885 3099 907 3140 ;
941 3084 1195 3146 praeterea
1229 3080 1365 3145 apud
1398 3078 1669 3130 nonnullos
1703 3083 1928 3130 auctores
1960 3085 2038 3132 est

246 3172 298 3216 et
319 3169 381 3216 im.
401 3163 634 3214 deliciis)
