2434 3734
781 249 1051 301 xxxvn.
1090 237 1262 319 (ATT.
1299 250 1389 302 v1.
1428 240 1484 319 5)
1976 254 2033 304 67

250 408 485 455 maximae
503 421 642 453 curae
660 406 824 455 Atkico
841 421 943 455 esse
959 408 1066 454 vult
1085 424 1096 454 ε
1134 422 1186 455 se
1207 409 1260 455 in
1278 408 1383 467 ipso
1402 408 1598 455 decessu
1614 421 1701 455 suo
1716 407 2039 455 sollicitudine

248 486 520 545 provinciae
542 485 748 533 maxime
769 487 939 546 urgeri,
965 486 1024 533 de
1046 485 1223 533 Bibulo
1245 486 1339 533 sibi
1360 499 1457 532 non
1480 486 1697 542 molesto,
1723 486 1783 533 de
1805 486 2040 533 brevitate

250 563 394 610 huius
415 564 568 635 ipgius
591 564 833 623 epistolae.

356 701 406 759 1.
455 700 621 758 Nunc
640 700 864 773 quidem
886 700 1130 772 profecto
1159 699 1369 757 Romae
1390 718 1483 759 es:
1526 718 1635 774 quo
1663 706 1737 773 te,
1758 700 1807 758 si
1832 701 1916 759 ita
1935 706 2035 774 est,

249 798 466 857 salvum
508 798 722 855 venisse
749 796 996 869 gaudeo:
1039 797 1186 855 unde
1228 797 1452 870 quidem
1494 816 1663 871 quam
1691 798 1789 855 diu
1829 798 2037 870 affuisti,

250 898 426 970 magis
463 914 498 953 a
523 913 612 953 me
639 895 829 953 abesse
856 894 1130 969 videbare,
1163 913 1331 969 quam
1359 896 1408 953 si
1447 895 1598 953 domi
1638 913 1817 954 esses:
1859 897 2043 953 minus

250 994 398 1053 enim
435 993 574 1049 mihi
615 1010 768 1050 meae
810 997 974 1049 notae
1000 1010 1086 1050 res
1127 997 1301 1065 erant,
1333 993 1517 1051 minus
1558 994 1729 1051 etiam
1769 993 2037 1067 publicae.

252 1092 376 1163 Qua
401 1109 460 1149 re
501 1092 684 1165 velim,
717 1091 838 1162 etsi,
869 1096 936 1148 ut
976 1109 1148 1165 spero,
1181 1092 1403 1150 whom
1441 1092 1659 1165 legente
1696 1093 2042 1166 aliquantum

249 1191 362 1247 iam
402 1190 526 1246 viae
567 1206 889 1261 processer0‚
935 1193 1124 1247 tamen
1178 1188 1371 1247 obvias
1425 1189 1564 1246 mihi
1616 1188 1835 1247 Htteras
1875 1208 2043 1263 quam

250 1286 631 1361 argutissimas
659 1286 728 1344 de
749 1286 1004 1343 omnibus
1029 1286 1196 1344 rebus
1224 1286 1413 1344 crebro
1432 1287 1643 1360 mittas,
1669 1289 1729 1343 in
1755 1287 1948 1361 primis
1976 1288 2044 1345 de

250 1406 359 1461 quo
387 1387 577 1459 scripsi
613 1386 685 1442 ad
723 1390 781 1443 te
808 1390 1005 1443 antea:
1048 1384 1152 1461 τῆς
1187 1381 1464 1462 ξυναόρου
1490 1384 1593 1461 τῆς
1630 1382 1762 1461 ἐμῆς
1790 1383 2043 1463 οὖξελεύ.

253 1482 413 1559 θερος
435 1479 586 1559 ἔδοξέ
611 1504 710 1557 μοι
730 1478 882 1556 θαμὰ
902 1478 1263 1556 βατταρίζων
1285 1479 1381 1537 καὶ
1402 1479 1594 1538 ἀλύων
1615 1479 1673 1539 ἒν
1694 1484 1815 1543 τοῖς
1833 1479 2045 1559 ξυλλό-

253 1601 378 1658 γοις
407 1577 502 1635 καὶ
537 1581 662 1639 ταῖς
693 1575 938 1653 λέσχαις
964 1574 1072 1635 ὑπό
1100 1601 1160 1636 τι
1187 1576 1572 1654 πεφυρακὲναι
1599 1578 1702 1641 τὰς
1731 1579 1961 1657 ψήφους
1987 1576 2046 1637 ἐν

252 1680 373 1738 τοῖς
389 1657 720 1753 ὑπάρχουσι
739 1678 861 1735 τοῖς
880 1674 984 1733 τοῦ
1003 1674 1415 1751 Κροτωνιάτου.
1487 1678 1537 1736 2.
1588 1678 1711 1736 Hoc
1732 1684 1798 1736 tu
1823 1679 2041 1751 indaga,

253 1782 318 1834 ut
337 1776 515 1848 sole83
554 1781 643 1832 ast
683 1774 787 1831 hoc
815 1775 1024 1847 magis:
1070 1771 1131 1849 ἐξ
1171 1772 1385 1835 ἄστεως
1426 1771 1760 1849 ἑπταλόφου
1796 1772 2047 1852 στείχων

252 1869 564 1948 παρέδωκεν
594 1868 748 1946 μνῶν
791 1866 894 1927 κδ’.
934 1866 1044 1946 μη’.
1077 1867 1373 1947 ὀφείλημα
1400 1868 1479 1946 τῷ
1506 1870 1817 1948 Καμίλλῳ·
1848 1869 2047 1929 ἑαυτόν

252 1992 313 2026 τε
369 1965 682 2043 ὀφείλοντα
721 1966 864 2042 μνᾶς
906 1964 1010 2027 κδ’.
1058 1965 1120 2025 ἐκ
1168 1967 1280 2026 τῶν
1321 1967 1792 2044 Κροτωνιατικῶν
1848 1967 1943 2025 καὶ
1984 1967 2046 2026 ἐκ

252 2063 365 2124 τῶν
384 2062 881 2141 Χερρονησιτικῶν
898 2062 1011 2141 μή.
1039 2063 1134 2121 καὶ
1154 2063 1298 2140 μνᾶς
1320 2064 1753 2143 κληρονομῆσαι
1776 2063 1893 2143 χμ’.
1921 2066 2041 2143 χμ’.

143 2163 154 2169 ”
252 2160 466 2221 τούτων
507 2160 563 2219 δὲ
610 2160 749 2237 μηδὲ
791 2158 1016 2236 ὀβολὸν
1070 2160 1506 2233 διευλυτῶσθαι,
1547 2161 1774 2221 πάντων
1814 2160 2047 2239 ὀφειλη-

257 2257 462 2318 θέντων
478 2258 583 2317 τοῦ
602 2256 860 2334 δευτέρου
872 2256 1050 2334 μηνὸς
1065 2254 1141 2336 τῇ
1169 2255 1455 2336 νουμηνίᾳ·
1474 2256 1576 2316 τὸν
1592 2256 1649 2315 δὲ
1669 2247 2047 2335 ἀπὲλεύθερον

255 2355 446 2429 αὐτοῦ,
495 2356 631 2415 ὄντα
675 2354 968 2432 ὁμώνυμον
1008 2356 1089 2433 τῷ
1129 2344 1393 2417 Κόνωνος
1433 2353 1623 2433 πατρί,
1663 2354 1835 2433 μηδὲν
1876 2354 2047 2414 ὁλοσ-

256 2453 434 2533 χερῶς
472 2450 924 2529 πεφροντικέναι.
1010 2451 1192 2511 ταῦτα
1215 2452 1329 2527 οὖν,
1363 2453 1585 2531 πρῶτον
1609 2452 1714 2531 μὲν
1741 2454 1834 2513 ἴνα
1861 2453 2047 2513 πάντα

253 2550 516 2628 σώζηται,
546 2550 801 2626 δεύτερον
828 2548 884 2607 δὲ
917 2550 1006 2607 ἵνα
1030 2548 1171 2627 μηδὲ
1192 2550 1307 2609 τῶν
1333 2549 1516 2609 τόκων
1544 2550 1911 2632 ὀλιγωρήσῃς
1936 2551 2047 2610 τῶν

255 2646 366 2705 ἀπὸ
410 2647 512 2724 τῆς
550 2645 995 2724 προεκκειμένης.
1081 2644 1290 2724 ἡμέρας
1330 2647 1470 2711 ὅσας
1516 2646 1691 2706 αὐτὸν
1732 2646 2047 2729 ἠνέγκαμεν

251 2742 479 2821 σφόδρα
528 2743 760 2803 δέδοικα.
849 2742 944 2801 καὶ
998 2742 1112 2822 γὰρ
1154 2746 1344 2821 παρῆν
1397 2744 1537 2821 πρὸς
1577 2744 1723 2822 ἡμᾶς
1773 2769 2045 2803 κατασκε-

254 2840 494 2920 ψόμενος
551 2841 652 2899 καί
700 2865 759 2900 τι
812 2841 1024 2919 σχεδὸν
1072 2840 1337 2903 ἐλπίσας·
1383 2840 1683 2920 οἰπογνοὺςι
1720 2840 1767 2898 δ’
1822 2840 2048 2921 ἀλόγως

255 2937 489 3016 ἀπέστη,
549 2937 803 3011 ἐπειπών,
860 2938 1002 2996 εἴκω·
1051 2936 1302 3015 αἰσχρόν
1356 2962 1445 2996 τοι
1503 2936 1673 3015 δηρόν
1726 2962 1789 2996 τε
1840 2937 2044 3015 μένειν·

253 3058 449 3113 meque
491 3039 806 3112 obiurgavit
845 3044 1031 3097 vetere
1070 3040 1359 3111 proverbio
1400 3036 1475 3094 τὰ
1499 3035 1601 3113 μὲν
1630 3035 1899 3113 διδόμενα.
1988 3040 2039 3097 3.

256 3137 494 3210 Reliqua
519 3136 648 3193 vide
676 3141 734 3193 et
775 3140 1044 3208 quantum
1071 3136 1190 3193 fieri
1232 3141 1417 3209 possest
1444 3136 1704 3209 prospice.
1792 3135 1911 3193 Nos
1940 3138 2045 3194 etsi

255 3252 501 3290 annuum
544 3238 765 3306 tempus
805 3251 973 3305 prope
1013 3233 1124 3290 iam
1167 3234 1459 3291 emeritum
1508 3232 2043 3292 habebamus—dies
