2434 3734
134 0 1067 137 *wilm
1147 95 1172 108 -
1222 0 1683 123 “blf-{259⁸
1790 29 1936 102 (²⁸¹-
1980 69 2088 116 )··1
2142 51 2287 96 ῑ(’

857 255 948 306 lx,
987 245 1072 326 (Q.
1111 255 1213 306 FB.
1253 255 1293 305 1.
1334 243 1391 325 3)
1950 257 2011 306 15

222 429 345 469 mes.
398 412 680 468 carissima
732 411 906 468 filiola
957 416 1017 469 et
1069 429 1194 484 spes
1260 411 1473 485 reliqua
1532 414 1759 483 nostras
1802 409 2009 481 Cicero,

222 509 416 567 valete„
509 508 696 566 Pridie
723 508 1006 567 mendas
1033 509 1214 567 Maias
1242 508 1555 569 Bnmdisio.
1684 487 1867 661 φ

404 819 507 878 IX.
555 819 654 879 ΤΟ
699 819 1068 893 QUINTUS,
1101 837 1174 880 m
1217 822 1397 880 Romu
1440 819 1530 899 (Q.
1566 822 1665 880 Fa.
1700 839 1739 881 1.
1768 819 1831 900 3)

307 989 812 1048 ΤΗΕΒΒΑΒΟΝΙΟΔ,
847 991 1025 1040 A.U.0.
1069 991 1198 1050 6963
1244 991 1359 1040 13.0.
1402 991 1500 1051 583
1543 992 1684 1040 AET.
1724 992 1843 1041 010.
1880 992 1941 1040 48

303 1143 369 1190 M.
402 1143 565 1190 Cicero
589 1144 642 1201 Q.
667 1144 805 1190 fratri
827 1143 888 1190 de
909 1144 1070 1204 pueris
1097 1144 1200 1190 sine
1223 1143 1428 1204 epistola
1460 1143 1616 1190 missis
1642 1157 1694 1190 se
1719 1147 1928 1202 excusat,
1953 1145 2013 1191 de

219 1221 380 1268 exsilii
415 1220 688 1266 calamitate
723 1221 954 1280 queritur,
997 1234 1084 1280 pro
1120 1220 1297 1268 oblatis
1340 1220 1653 1268 facultatibus
1687 1221 1864 1281 gratias
1898 1222 2010 1282 agit,

219 1299 386 1346 monet
408 1297 470 1344 de
491 1297 808 1358 quorumdam
829 1299 924 1346 fide
946 1311 1152 1359 suosque
1173 1298 1490 1346 commendat.

792 1454 1038 1497 MARCUS
1068 1454 1123 1503 Q.
1153 1455 1378 1496 FRATRI
1406 1455 1450 1497 Β.

305 1596 358 1654 1.
404 1595 492 1652 Mi
525 1595 712 1666 frater,
744 1597 822 1651 mi
863 1595 1050 1668 frater,
1082 1595 1162 1651 mi
1201 1595 1389 1666 frater,
1420 1600 1558 1652 tune
1596 1594 1658 1652 id
1696 1596 1907 1653 veritus
1934 1614 2008 1670 es,

219 1712 290 1751 ne
319 1711 420 1766 ego
446 1692 733 1750 iracundia
759 1691 944 1765 aliqua
964 1691 1239 1750 adductus
1264 1711 1461 1766 pueros
1482 1693 1554 1751 ad
1582 1699 1639 1751 te
1666 1694 1784 1752 sine
1810 1694 2015 1752 litteris
2258 1759 2260 1761 ¹
2325 1719 2343 1748 ι

219 1791 506 1850 miserim*
558 1796 658 1849 aut
699 1791 869 1848 etiam
910 1809 979 1848 ne
1027 1795 1086 1848 te
1125 1790 1313 1848 videre
1361 1791 1667 1849 noluerim‘l
1748 1791 1867 1865 Ego
1908 1792 2015 1849 tibi
2308 1851 2322 1877 x

219 1889 522 1962 Q‘e
561 1890 669 1946 tibi
711 1907 812 1962 ego
851 1907 1068 1962 possem
1109 1889 1309 1948 irasci?
1390 1889 1627 1960 Scilicet,
1658 1893 1725 1946 tu
1752 1890 1899 1947 enim
1926 1908 2015 1947 me

221 1988 526 2047 adflixisti·
569 1988 658 2044 tui
696 2005 785 2045 me
824 1987 1052 2059 inimici,
1085 1993 1185 2045 tua
1211 2005 1301 2044 me
1342 1987 1554 2044 invidia
1580 2005 1643 2044 ac
1679 2005 1790 2044 non
1818 2005 1918 2060 ego
1958 1993 2017 2045 te
2364 1985 2415 2050 *ἢ

219 2087 420 2144 misere
460 2084 688 2158 perdidi.
777 2085 939 2142 Meus
979 2084 1074 2141 ille
1114 2084 1375 2150 laudatus
1416 2085 1732 2142 consulatus
1772 2085 1911 2142 mihi
1938 2090 2011 2157 te,
2352 2099 2384 2156 (ζ
2397 2069 2414 2104 ”

218 2185 442 2254 liberos,
482 2183 735 2256 patriam,
781 2183 1048 2256 fortunae,
1094 2183 1201 2240 tibi
1220 2155 1416 2302 (Qum
1464 2202 1533 2241 ne
1573 2183 1709 2256 quid
1756 2185 2017 2257 eripuerit

220 2287 442 2356 praeter
477 2299 650 2337 unum
681 2299 784 2339 me.
871 2280 980 2338 Sed
1025 2285 1172 2338 certe
1215 2261 1251 2338 a
1294 2286 1351 2338 te
1395 2280 1535 2338 mihi
1578 2281 1764 2338 omnia
1803 2300 2017 2355 semper

222 2381 458 2437 honesta
504 2383 563 2435 et
609 2377 850 2434 iucunda
890 2377 1218 2451 ceciderunt,
1266 2397 1301 2435 a
1340 2397 1430 2436 me
1476 2379 1585 2436 tibi
1631 2378 1816 2436 luctus
1862 2398 2016 2438 meae

221 2475 575 2546 calamitatis,
628 2480 810 2532 metus
865 2480 1012 2547 tuae,
1065 2474 1412 2548 desiderium,
1471 2493 1698 2548 maeror,
1757 2475 2011 2536 solitudo,

223 2573 344 2646 Ego
392 2576 452 2628 te
499 2570 686 2627 videre
734 2569 1044 2628 noluerim‘l
1123 2569 1307 2628 Immo
1346 2589 1479 2629 vero
1526 2589 1614 2629 me
1661 2591 1696 2629 a
1744 2577 1800 2630 te
1842 2573 2018 2630 videri

222 2669 393 2727 nolui.
481 2666 612 2723 Non
641 2667 788 2724 enim
814 2667 1046 2724 vidisses
1073 2667 1301 2724 fratrem
1331 2672 1510 2741 tuum,
1540 2685 1651 2725 non
1680 2687 1821 2742 eum,
1854 2688 2015 2742 quem

221 2766 539 2839 reliqueras,
576 2782 687 2822 non
728 2781 871 2835 eum,
904 2782 1067 2837 quem
1109 2783 1287 2838 noras,
1334 2783 1443 2822 non
1484 2783 1626 2838 eum,
1673 2784 1837 2838 quem
1879 2767 2017 2825 flens

222 2863 469 2933 flentem,
513 2866 934 2933 prosequentem
980 2861 1327 2934 proficiscens
1368 2862 1688 2920 dimiseras:
1744 2881 1813 2920 ne
1854 2865 2019 2920 vesti-

221 2962 378 3034 gium
408 2957 633 3032 quidem
661 2959 778 3016 eius
805 2977 905 3016 nec
932 2958 1301 3032 simulacrum,
1334 2959 1433 3016 sed
1460 2959 1757 3042 quamdam
1784 2961 2019 3034 effigiem

222 3059 492 3132 spirantis
548 3057 766 3114 mortui.
875 3057 1062 3130 Atque
1115 3058 1334 3115 utinam
1388 3076 1477 3115 me
1532 3063 1814 3116 mortuum
1867 3062 2020 3133 prius

221 3155 464 3213 vidisses
505 3157 604 3210 aut
643 3153 924 3212 audisses!
980 3155 1196 3211 utinam
1239 3160 1295 3212 te
1339 3173 1449 3212 non
1491 3154 1672 3212 solum
1713 3156 1879 3228 vitae,
1924 3157 2021 3214 sed

223 3255 400 3313 etiam
427 3251 721 3324 dignitatis
762 3269 914 3308 meae
955 3252 1309 3325 superstitem
1349 3251 1725 3324 reliquissem!
1810 3254 1863 3313 2.
1910 3252 2020 3310 Sed
