2434 3734
811 293 1337 346 INTRODUOTION
1814 284 1965 343 xxix

177 449 406 501 tudinem
445 448 735 514 concupivit
785 485 796 498 .
855 484 868 498 .
921 483 934 497 .
996 447 1182 509 (eausa)
1224 451 1399 513 agetur
1447 482 1461 497 .
1518 483 1531 498 .
1586 484 1601 500 .
1664 446 1959 500 foedissime.

179 529 306 590 (Att.
336 529 404 577 ix.
437 526 482 589 7,
513 528 588 589 3.)

257 605 426 655 Huius
457 603 582 654 belli
616 619 776 670 genus
813 603 936 670 fugi,
961 606 1016 654 et
1051 619 1110 654 eo
1145 603 1309 669 magis
1342 601 1479 670 quod
1510 601 1789 654 crudeliora
1810 605 1961 656 etiam

177 683 387 748 cogitari
407 685 460 732 et
480 681 648 748 parari
667 680 917 732 videbam.
993 682 1124 742 (Att.
1153 682 1222 732 ix.
1249 684 1325 744 10,
1355 684 1427 743 3.)

257 759 459 810 Bellum
494 795 506 808 .
549 795 562 809 .
601 795 614 808 .
655 761 914 824 comparat
945 774 1050 809 non
1085 759 1336 810 iniustum
1369 759 1458 810 ine
1491 757 1697 826 quidem
1730 759 1818 811 aed
1852 775 1965 811 oum

178 839 320 904 pium
341 842 455 888 tum
477 837 632 888 etiam
652 837 1000 899 neeessarium,
1028 836 1132 886 suis
1164 839 1339 888 tamen
1372 837 1567 888 civibus
1588 837 1846 888 exitiabile
1866 839 1967 888 nisi

180 915 369 977 vicerit,
400 914 750 965 calamitosum
773 914 928 964 etiam
949 913 994 963 si
1015 914 1208 965 vicerit.
1283 914 1415 974 (Att-
1446 930 1493 964 x.
1526 918 1571 977 4,
1602 916 1673 975 3.)

260 1071 350 1153 (3)
395 1073 487 1131 He
513 1073 659 1132 fears
694 1074 824 1132 that
863 1074 1162 1148 Pompeius
1187 1073 1300 1131 and
1327 1073 1425 1131 the
1453 1073 1769 1146 optimates
1794 1075 1968 1132 strive

178 1173 262 1229 for
290 1178 530 1246 tyranny
557 1189 618 1228 as
643 1171 770 1230 well
796 1189 858 1228 as
887 1169 1102 1232 Caesar.

260 1325 336 1375 De
375 1340 465 1374 sua
501 1323 732 1389 potentia
769 1321 1018 1374 dimicant
1053 1323 1286 1374 homines
1322 1323 1418 1374 hoe
1461 1327 1699 1390 tempore,
1748 1323 1967 1390 periculo

180 1401 420 1453 civitatis·
493 1401 626 1463 (Att.
655 1401 743 1451 vii.
773 1403 818 1465 8,
848 1401 922 1463 4.)

261 1482 342 1532 Ex
375 1479 588 1530 victoria
621 1493 738 1529 eum
773 1478 941 1529 multa
977 1479 1114 1529 mala
1149 1481 1265 1530 tum
1297 1482 1429 1531 oerte
1463 1483 1713 1546 tyrannus
1736 1481 1961 1530 exsistet.

183 1557 316 1620 (Att.
345 1557 436 1607 vii.
465 1559 511 1608 5.
540 1556 614 1618 4.)

261 1635 318 1686 Si
339 1634 520 1684 viceris
541 1636 715 1684 tamen
737 1633 938 1684 servias.
1009 1633 1139 1697 (Att.
1163 1634 1252 1684 vii.
1274 1633 1320 1696 7,
1349 1632 1422 1697 7.)

259 1712 486 1777 Uterque
506 1726 714 1776 regnare
734 1710 866 1762 vult.
939 1711 1072 1774 (Att.
1102 1712 1209 1762 viii.
1242 1713 1320 1774 11,
1348 1713 1422 1774 2.)

264 1789 488 1850 Quorum
509 1789 713 1854 utrique
734 1803 928 1854 semper
943 1789 1138 1855 patriae
1155 1789 1291 1839 salus
1309 1791 1361 1840 et
1378 1788 1602 1856 dignitas
1616 1791 1859 1856 posterior
1880 1805 1971 1840 sua

185 1867 530 1917 dominatione
563 1902 575 1916 .
617 1901 631 1916 .
672 1903 685 1916 .
726 1865 840 1916 fuit.
914 1867 1046 1929 (Att.
1076 1882 1125 1917 x.
1155 1870 1202 1929 4,
1233 1867 1307 1929 4.)

265 2006 370 2065 IV.
417 2005 664 2063 ansar’s
689 2004 808 2062 side
834 2004 904 2062 he
932 2004 1050 2062 will
1079 2010 1192 2077 not,
1226 2011 1443 2078 cannot,
1468 2005 1605 2078 join.

266 2160 360 2241 (1)
400 2162 494 2218 He
521 2161 678 2219 looks
705 2179 778 2218 on
806 2160 1010 2218 Caesar
1041 2179 1102 2217 as
1145 2178 1178 2218 a
1218 2161 1403 2219 leader
1444 2161 1508 2217 of
1542 2161 1973 2233 revolutionists,

183 2260 295 2318 and
322 2258 549 2332 regards
578 2258 664 2315 his
692 2276 754 2316 as
781 2259 868 2316 the
895 2277 1086 2334 wrony
1112 2258 1247 2316 side.

267 2414 456 2465 Omnes
477 2411 760 2473 damnatos,
790 2427 962 2462 omnes
983 2411 1265 2476 ignominia
1297 2411 1533 2475 adfeetos,
1564 2428 1737 2464 omnes
1768 2411 1975 2464 damna-

183 2493 324 2542 tione
345 2489 726 2556 ignominiaque
747 2487 927 2553 dignos
947 2488 1066 2539 inae
1087 2489 1261 2540 faeere.
1336 2490 1467 2551 (Att.
1496 2491 1582 2542 vii.
1614 2493 1659 2552 3,
1688 2493 1761 2553 5.)

264 2569 376 2619 Neo
397 2569 454 2617 in
477 2566 625 2618 caede
647 2567 934 2632 principum
956 2566 1331 2617 clementiorem
1352 2567 1491 2618 huno
1512 2568 1617 2618 fore
1638 2584 1791 2635 quam
1814 2570 1979 2620 Cinna

185 2645 356 2706 fuerit,
383 2660 478 2734 neo
509 2643 898 2694 moderatiorem
931 2658 1085 2709 quam
1119 2643 1261 2692 Sulla
1300 2644 1355 2693 in
1390 2645 1615 2709 pecuniis
1646 2644 1971 2711 locupletum.

183 2720 574 2865 (Αῗῖοιιξζηξιξ
578 2723 800 2863 1111Ρ10111
813 2797 946 2846 cives
961 2796 1251 2847 habuerunt
1264 2799 1567 2863 paratiorem
1578 2798 1773 2852 dueem.
1813 2801 1972 2862 (Fam.

0 2952 17 2977 ⁸
61 2877 88 2889 ‘
185 2879 288 2929 xvi.
320 2879 400 2938 11,
429 2877 504 2939 3.)

267 2957 436 3018 Χρεῶν
475 2955 741 3013 ἀποκοπὰς,
791 2953 1021 3015 φυγάδων
1077 2953 1316 3015 καθόδους,
1367 2955 1592 3003 sesoenta
1645 2952 1747 3004 alia
1800 2955 1982 3004 seelera

187 3033 370 3082 moliri.
445 3031 578 3094 (Att.
602 3031 691 3080 vii.
722 3031 799 3091 11,
830 3031 894 3091 1.)

267 3110 432 3159 Mirus
453 3109 710 3158 invaserat
733 3107 872 3156 furor
892 3121 997 3155 non
1031 3106 1194 3156 solum
1207 3106 1450 3172 improbis
1472 3105 1561 3155 sed
1592 3107 1747 3157 etiam
1779 3108 1863 3158 his
1894 3110 1983 3175 qui

188 3187 310 3238 boni
325 3187 585 3237 habentur
606 3188 669 3234 ut
690 3199 915 3250 pugnare
937 3186 1192 3248 cuperent.
1270 3185 1427 3246 (Fam.
1459 3184 1561 3234 xvi.
1588 3186 1663 3246 12,
1695 3185 1767 3246 2.)

269 3263 584 3316 Foedissima
603 3277 768 3312 eausa.
836 3261 968 3322 (Att.
992 3261 1079 3310 vii.
1109 3263 1153 3320 9,
1185 3263 1257 3320 3.)
