<?xml version="1.0" encoding="UTF-8"?>
<!DOCTYPE html PUBLIC "-//W3C//DTD XHTML 1.0 Transitional//EN"
    "http://www.w3.org/TR/xhtml1/DTD/xhtml1-transitional.dtd">
<html xmlns="http://www.w3.org/1999/xhtml" xml:lang="en" lang="en">
 <head>
  <title>
</title>
<meta http-equiv="Content-Type" content="text/html;charset=utf-8" />
  <meta name='ocr-system' content='tesseract 3.04.00' />
  <meta name='ocr-capabilities' content='ocr_page ocr_carea ocr_par ocr_line ocrx_word'/>
</head>
<body>
  <div class='ocr_page' id='page_1' title='image "./ciceroinhislett01tyrrgoog_0244.png"; bbox 0 0 2434 3734; ppageno 0'>
   <div class='ocr_carea' id='block_1_1' title="bbox 443 252 1695 333">
    <p class='ocr_par' dir='ltr' id='par_1_1' title="bbox 443 252 1695 333">
     <span class='ocr_line' id='line_1_1' title="bbox 443 252 1695 333; baseline -0.004 -14"><span class='ocrx_word' id='word_1_1' title='bbox 443 270 535 319; x_wconf 76' lang='lat'>124</span> <span class='ocrx_word' id='word_1_2' title='bbox 980 265 1245 317; x_wconf 77' lang='lat' dir='ltr'>Lxxvn.</span> <span class='ocrx_word' id='word_1_3' title='bbox 1283 252 1468 333; x_wconf 70' lang='lat' dir='ltr'>(nu.</span> <span class='ocrx_word' id='word_1_4' title='bbox 1506 263 1569 315; x_wconf 86' lang='lat' dir='ltr'>x.</span> <span class='ocrx_word' id='word_1_5' title='bbox 1606 252 1695 332; x_wconf 80' lang='lat'>82)</span> 
     </span>
    </p>
   </div>
   <div class='ocr_carea' id='block_1_2' title="bbox 441 421 2327 3318">
    <p class='ocr_par' dir='ltr' id='par_1_2' title="bbox 441 421 2327 3318">
     <span class='ocr_line' id='line_1_2' title="bbox 443 421 2253 496; baseline -0.001 -15"><span class='ocrx_word' id='word_1_6' title='bbox 443 424 658 481; x_wconf 76' lang='lat' dir='ltr'>ordines</span> <span class='ocrx_word' id='word_1_7' title='bbox 694 423 961 496; x_wconf 88' lang='lat' dir='ltr'>equestris</span> <span class='ocrx_word' id='word_1_8' title='bbox 987 422 1093 479; x_wconf 91' lang='lat' dir='ltr'>loci</span> <span class='ocrx_word' id='word_1_9' title='bbox 1115 421 1719 494; x_wconf 80' lang='lat' dir='ltr'>z-quattuorviratum</span> <span class='ocrx_word' id='word_1_10' title='bbox 1744 421 1852 478; x_wconf 90' lang='lat' dir='ltr'>sibi</span> <span class='ocrx_word' id='word_1_11' title='bbox 1878 423 2253 495; x_wconf 85' lang='lat' dir='ltr'>prorogavit:</span> 
     </span>
     <span class='ocr_line' id='line_1_3' title="bbox 443 517 2253 591; baseline -0.002 -12"><span class='ocrx_word' id='word_1_12' title='bbox 443 520 665 579; x_wconf 88' lang='lat' dir='ltr'>comitia</span> <span class='ocrx_word' id='word_1_13' title='bbox 691 519 900 579; x_wconf 90' lang='lat' dir='ltr'>biennii</span> <span class='ocrx_word' id='word_1_14' title='bbox 925 518 1095 577; x_wconf 87' lang='lat' dir='ltr'>biduo</span> <span class='ocrx_word' id='word_1_15' title='bbox 1122 518 1336 591; x_wconf 88' lang='lat' dir='ltr'>habuit,</span> <span class='ocrx_word' id='word_1_16' title='bbox 1368 517 1473 575; x_wconf 89' lang='lat' dir='ltr'>hoc</span> <span class='ocrx_word' id='word_1_17' title='bbox 1508 521 1612 590; x_wconf 86' lang='lat' dir='ltr'>est,</span> <span class='ocrx_word' id='word_1_18' title='bbox 1642 518 1988 575; x_wconf 74' lang='lat' dir='ltr'><strong>renuntiavit</strong></span> <span class='ocrx_word' id='word_1_19' title='bbox 2014 535 2163 591; x_wconf 83' lang='lat' dir='ltr'>quos</span> <span class='ocrx_word' id='word_1_20' title='bbox 2194 520 2253 575; x_wconf 92' lang='lat' dir='ltr'>ei</span> 
     </span>
     <span class='ocr_line' id='line_1_4' title="bbox 442 616 2251 690; baseline -0.001 -12"><span class='ocrx_word' id='word_1_21' title='bbox 442 621 623 679; x_wconf 85' lang='lat' dir='ltr'>visum</span> <span class='ocrx_word' id='word_1_22' title='bbox 663 624 783 678; x_wconf 86' lang='lat' dir='ltr'>est:</span> <span class='ocrx_word' id='word_1_23' title='bbox 837 617 1053 677; x_wconf 77' lang='lat' dir='ltr'>exsules</span> <span class='ocrx_word' id='word_1_24' title='bbox 1093 616 1331 688; x_wconf 85' lang='lat' dir='ltr'>reduxit,</span> <span class='ocrx_word' id='word_1_25' title='bbox 1376 634 1488 673; x_wconf 89' lang='lat' dir='ltr'>non</span> <span class='ocrx_word' id='word_1_26' title='bbox 1527 616 1726 674; x_wconf 89' lang='lat' dir='ltr'>horum</span> <span class='ocrx_word' id='word_1_27' title='bbox 1765 620 2095 690; x_wconf 89' lang='lat' dir='ltr'>temporum,</span> <span class='ocrx_word' id='word_1_28' title='bbox 2140 618 2251 677; x_wconf 85' lang='lat' dir='ltr'>sed</span> 
     </span>
     <span class='ocr_line' id='line_1_5' title="bbox 441 713 2249 791; baseline -0.001 -16"><span class='ocrx_word' id='word_1_29' title='bbox 441 718 676 791; x_wconf 84' lang='lat' dir='ltr'>illorum,</span> <span class='ocrx_word' id='word_1_30' title='bbox 728 716 929 790; x_wconf 88' lang='lat' dir='ltr'>quibus</span> <span class='ocrx_word' id='word_1_31' title='bbox 977 734 1012 774; x_wconf 93' lang='lat' dir='ltr'>a</span> <span class='ocrx_word' id='word_1_32' title='bbox 1057 714 1333 773; x_wconf 73' lang='lat' dir='ltr'>seditiosis</span> <span class='ocrx_word' id='word_1_33' title='bbox 1380 718 1606 773; x_wconf 89' lang='lat' dir='ltr'>senatus</span> <span class='ocrx_word' id='word_1_34' title='bbox 1653 713 1963 771; x_wconf 89' lang='lat' dir='ltr'>trucidatus</span> <span class='ocrx_word' id='word_1_35' title='bbox 2003 719 2103 772; x_wconf 91' lang='lat' dir='ltr'>aut</span> <span class='ocrx_word' id='word_1_36' title='bbox 2148 732 2249 773; x_wconf 86' lang='lat' dir='ltr'>ex-</span> 
     </span>
     <span class='ocr_line' id='line_1_6' title="bbox 441 810 2248 889; baseline -0.003 -15"><span class='ocrx_word' id='word_1_37' title='bbox 441 815 633 889; x_wconf 87' lang='lat' dir='ltr'>pulsus</span> <span class='ocrx_word' id='word_1_38' title='bbox 673 818 773 888; x_wconf 86' lang='lat' dir='ltr'>est,</span> <span class='ocrx_word' id='word_1_39' title='bbox 817 814 941 873; x_wconf 83' lang='lat' dir='ltr'>Sex.</span> <span class='ocrx_word' id='word_1_40' title='bbox 974 814 1124 871; x_wconf 88' lang='lat' dir='ltr'>Varo</span> <span class='ocrx_word' id='word_1_41' title='bbox 1164 810 1502 885; x_wconf 82' lang='lat' dir='ltr'>proconsule.</span> <span class='ocrx_word' id='word_1_42' title='bbox 1592 810 1643 870; x_wconf 90' lang='lat'>3.</span> <span class='ocrx_word' id='word_1_43' title='bbox 1689 810 1800 869; x_wconf 88' lang='lat' dir='ltr'>Illa</span> <span class='ocrx_word' id='word_1_44' title='bbox 1838 830 1969 870; x_wconf 84' lang='lat' dir='ltr'>vero</span> <span class='ocrx_word' id='word_1_45' title='bbox 2008 812 2125 869; x_wconf 88' lang='lat' dir='ltr'>iam</span> <span class='ocrx_word' id='word_1_46' title='bbox 2170 830 2248 870; x_wconf 86' lang='lat' dir='ltr'>ne</span> 
     </span>
     <span class='ocr_line' id='line_1_7' title="bbox 443 907 2247 987; baseline -0.003 -14"><span class='ocrx_word' id='word_1_47' title='bbox 443 913 692 973; x_wconf 75' lang='lat' dir='ltr'>Caesaris</span> <span class='ocrx_word' id='word_1_48' title='bbox 727 912 951 987; x_wconf 91' lang='lat' dir='ltr'>quidem</span> <span class='ocrx_word' id='word_1_49' title='bbox 987 908 1255 984; x_wconf 82' lang='lat' dir='ltr'>exemplo,</span> <span class='ocrx_word' id='word_1_50' title='bbox 1286 909 1435 983; x_wconf 90' lang='lat' dir='ltr'>quod</span> <span class='ocrx_word' id='word_1_51' title='bbox 1472 907 1619 967; x_wconf 86' lang='lat' dir='ltr'>ludis</span> <span class='ocrx_word' id='word_1_52' title='bbox 1646 913 1991 982; x_wconf 75' lang='lat' dir='ltr'>praetextam</span> <span class='ocrx_word' id='word_1_53' title='bbox 2027 909 2095 967; x_wconf 92' lang='lat' dir='ltr'>de</span> <span class='ocrx_word' id='word_1_54' title='bbox 2134 929 2247 967; x_wconf 89' lang='lat' dir='ltr'>suo</span> 
     </span>
     <span class='ocr_line' id='line_1_8' title="bbox 441 1006 2247 1081; baseline -0.002 -11"><span class='ocrx_word' id='word_1_55' title='bbox 441 1012 638 1070; x_wconf 91' lang='lat' dir='ltr'>itinere</span> <span class='ocrx_word' id='word_1_56' title='bbox 664 1010 738 1068; x_wconf 85' lang='lat' dir='ltr'>ad</span> <span class='ocrx_word' id='word_1_57' title='bbox 763 1009 827 1068; x_wconf 88' lang='lat' dir='ltr'>L.</span> <span class='ocrx_word' id='word_1_58' title='bbox 858 1008 1163 1068; x_wconf 79' lang='lat' dir='ltr'><strong>Lentulum</strong></span> <span class='ocrx_word' id='word_1_59' title='bbox 1188 1026 1397 1081; x_wconf 86' lang='lat' dir='ltr'>procos.</span> <span class='ocrx_word' id='word_1_60' title='bbox 1428 1006 1841 1066; x_wconf 87' lang='lat' dir='ltr'>sollicitandum</span> <span class='ocrx_word' id='word_1_61' title='bbox 1866 1008 2066 1081; x_wconf 79' lang='lat' dir='ltr'>posuit.</span> <span class='ocrx_word' id='word_1_62' title='bbox 2160 1008 2247 1067; x_wconf 88' lang='lat' dir='ltr'>Et</span> 
     </span>
     <span class='ocr_line' id='line_1_9' title="bbox 441 1104 2327 1184; baseline -0.003 -17"><span class='ocrx_word' id='word_1_63' title='bbox 441 1108 665 1184; x_wconf 87' lang='lat' dir='ltr'>quidem</span> <span class='ocrx_word' id='word_1_64' title='bbox 712 1126 837 1166; x_wconf 90' lang='lat' dir='ltr'>cum</span> <span class='ocrx_word' id='word_1_65' title='bbox 885 1112 1154 1179; x_wconf 82' lang='lat' dir='ltr'>ageretur,</span> <span class='ocrx_word' id='word_1_66' title='bbox 1205 1105 1365 1163; x_wconf 81' lang='lat' dir='ltr'>flevit</span> <span class='ocrx_word' id='word_1_67' title='bbox 1411 1104 1676 1163; x_wconf 87' lang='lat' dir='ltr'>memoria</span> <span class='ocrx_word' id='word_1_68' title='bbox 1720 1121 1905 1163; x_wconf 88' lang='lat' dir='ltr'>rerum</span> <span class='ocrx_word' id='word_1_69' title='bbox 1951 1110 2245 1178; x_wconf 86' lang='lat' dir='ltr'>gestarum</span> <span class='ocrx_word' id='word_1_70' title='bbox 2318 1134 2327 1138; x_wconf 95' lang='lat'>-</span> 
     </span>
     <span class='ocr_line' id='line_1_10' title="bbox 442 1200 2245 1274; baseline -0.003 -10"><span class='ocrx_word' id='word_1_71' title='bbox 442 1209 761 1265; x_wconf 86' lang='lat' dir='ltr'>commotus.</span> <span class='ocrx_word' id='word_1_72' title='bbox 843 1202 1261 1262; x_wconf 79' lang='lat' dir='ltr'>Gladiatoribus</span> <span class='ocrx_word' id='word_1_73' title='bbox 1281 1206 1471 1259; x_wconf 89' lang='lat' dir='ltr'>autem</span> <span class='ocrx_word' id='word_1_74' title='bbox 1492 1200 1731 1259; x_wconf 83' lang='lat' dir='ltr'>Fadium</span> <span class='ocrx_word' id='word_1_75' title='bbox 1749 1201 2060 1274; x_wconf 87' lang='lat' dir='ltr'>quemdam,</span> <span class='ocrx_word' id='word_1_76' title='bbox 2091 1202 2245 1259; x_wconf 89' lang='lat' dir='ltr'>mili-</span> 
     </span>
     <span class='ocr_line' id='line_1_11' title="bbox 441 1285 2245 1375; baseline -0.002 -14"><span class='ocrx_word' id='word_1_77' title='bbox 441 1308 557 1361; x_wconf 88' lang='lat' dir='ltr'>tem</span> <span class='ocrx_word' id='word_1_78' title='bbox 611 1301 1024 1375; x_wconf 90' lang='lat' dir='ltr'>Pompeianum,</span> <span class='ocrx_word' id='word_1_79' title='bbox 1081 1300 1228 1373; x_wconf 88' lang='lat' dir='ltr'>quia,</span> <span class='ocrx_word' id='word_1_80' title='bbox 1288 1285 1414 1357; x_wconf 86' lang='lat' dir='ltr'>cum</span> <span class='ocrx_word' id='word_1_81' title='bbox 1461 1298 1750 1372; x_wconf 88' lang='lat' dir='ltr'>depressus</span> <span class='ocrx_word' id='word_1_82' title='bbox 1796 1300 1856 1356; x_wconf 92' lang='lat' dir='ltr'>in</span> <span class='ocrx_word' id='word_1_83' title='bbox 1902 1299 2098 1357; x_wconf 91' lang='lat' dir='ltr'>ludum</span> <span class='ocrx_word' id='word_1_84' title='bbox 2148 1300 2245 1357; x_wconf 90' lang='lat' dir='ltr'>bis</span> 
     </span>
     <span class='ocr_line' id='line_1_12' title="bbox 442 1397 2243 1476; baseline -0.002 -17"><span class='ocrx_word' id='word_1_85' title='bbox 442 1402 615 1476; x_wconf 87' lang='lat' dir='ltr'>gratis</span> <span class='ocrx_word' id='word_1_86' title='bbox 641 1400 1024 1474; x_wconf 84' lang='lat' dir='ltr'>depugnasset,</span> <span class='ocrx_word' id='word_1_87' title='bbox 1057 1399 1332 1457; x_wconf 75' lang='lat' dir='ltr'>auctorati</span> <span class='ocrx_word' id='word_1_88' title='bbox 1358 1415 1476 1455; x_wconf 92' lang='lat' dir='ltr'>sese</span> <span class='ocrx_word' id='word_1_89' title='bbox 1515 1397 1740 1455; x_wconf 89' lang='lat' dir='ltr'>nolebat</span> <span class='ocrx_word' id='word_1_90' title='bbox 1776 1402 1833 1456; x_wconf 90' lang='lat' dir='ltr'>et</span> <span class='ocrx_word' id='word_1_91' title='bbox 1869 1397 1943 1455; x_wconf 86' lang='lat' dir='ltr'>ad</span> <span class='ocrx_word' id='word_1_92' title='bbox 1966 1398 2243 1471; x_wconf 87' lang='lat' dir='ltr'>populum</span> 
     </span>
     <span class='ocr_line' id='line_1_13' title="bbox 444 1493 2243 1570; baseline -0.002 -16"><span class='ocrx_word' id='word_1_93' title='bbox 444 1497 777 1570; x_wconf 83' lang='lat' dir='ltr'>confugerat,</span> <span class='ocrx_word' id='word_1_94' title='bbox 808 1496 1049 1569; x_wconf 88' lang='lat' dir='ltr'>primum</span> <span class='ocrx_word' id='word_1_95' title='bbox 1076 1494 1273 1554; x_wconf 82' lang='lat' dir='ltr'>Gallos</span> <span class='ocrx_word' id='word_1_96' title='bbox 1300 1494 1515 1568; x_wconf 90' lang='lat' dir='ltr'>equites</span> <span class='ocrx_word' id='word_1_97' title='bbox 1539 1494 1776 1551; x_wconf 85' lang='lat' dir='ltr'>immisit</span> <span class='ocrx_word' id='word_1_98' title='bbox 1800 1493 1860 1549; x_wconf 90' lang='lat' dir='ltr'>in</span> <span class='ocrx_word' id='word_1_99' title='bbox 1886 1494 2243 1567; x_wconf 88' lang='lat' dir='ltr'>populum—</span> 
     </span>
     <span class='ocr_line' id='line_1_14' title="bbox 444 1590 2237 1667; baseline -0.002 -15"><span class='ocrx_word' id='word_1_100' title='bbox 444 1593 673 1652; x_wconf 89' lang='lat' dir='ltr'>coniecti</span> <span class='ocrx_word' id='word_1_101' title='bbox 694 1593 839 1651; x_wconf 91' lang='lat' dir='ltr'>enim</span> <span class='ocrx_word' id='word_1_102' title='bbox 861 1592 1074 1667; x_wconf 89' lang='lat' dir='ltr'>lapides</span> <span class='ocrx_word' id='word_1_103' title='bbox 1095 1596 1229 1651; x_wconf 91' lang='lat' dir='ltr'>sunt</span> <span class='ocrx_word' id='word_1_104' title='bbox 1252 1593 1312 1649; x_wconf 90' lang='lat' dir='ltr'>in</span> <span class='ocrx_word' id='word_1_105' title='bbox 1333 1610 1476 1663; x_wconf 92' lang='lat' dir='ltr'>eum,</span> <span class='ocrx_word' id='word_1_106' title='bbox 1500 1609 1625 1649; x_wconf 89' lang='lat' dir='ltr'>cum</span> <span class='ocrx_word' id='word_1_107' title='bbox 1647 1590 1989 1664; x_wconf 86' lang='lat' dir='ltr'>abriperetur</span> <span class='ocrx_word' id='word_1_108' title='bbox 2008 1591 2237 1665; x_wconf 84' lang='lat' dir='ltr'>Fadius,</span> 
     </span>
     <span class='ocr_line' id='line_1_15' title="bbox 444 1688 2239 1750; baseline -0.001 0"><span class='ocrx_word' id='word_1_109' title='bbox 444 1692 722 1750; x_wconf 90' lang='lat' dir='ltr'>-deinde</span> <span class='ocrx_word' id='word_1_110' title='bbox 747 1691 1088 1749; x_wconf 88' lang='lat' dir='ltr'>abstractum</span> <span class='ocrx_word' id='word_1_111' title='bbox 1116 1690 1330 1748; x_wconf 88' lang='lat' dir='ltr'>defodit</span> <span class='ocrx_word' id='word_1_112' title='bbox 1355 1690 1415 1746; x_wconf 93' lang='lat' dir='ltr'>in</span> <span class='ocrx_word' id='word_1_113' title='bbox 1441 1689 1573 1746; x_wconf 93' lang='lat' dir='ltr'>ludo</span> <span class='ocrx_word' id='word_1_114' title='bbox 1600 1692 1658 1746; x_wconf 90' lang='lat' dir='ltr'>et</span> <span class='ocrx_word' id='word_1_115' title='bbox 1684 1689 1877 1747; x_wconf 82' lang='lat' dir='ltr'>vivum</span> <span class='ocrx_word' id='word_1_116' title='bbox 1898 1688 2239 1748; x_wconf 89' lang='lat' dir='ltr'>combussit:</span> 
     </span>
     <span class='ocr_line' id='line_1_16' title="bbox 445 1786 2235 1863; baseline -0.003 -14"><span class='ocrx_word' id='word_1_117' title='bbox 445 1809 570 1850; x_wconf 90' lang='lat' dir='ltr'>cum</span> <span class='ocrx_word' id='word_1_118' title='bbox 639 1790 862 1863; x_wconf 91' lang='lat' dir='ltr'>quidem</span> <span class='ocrx_word' id='word_1_119' title='bbox 930 1806 1178 1863; x_wconf 87' lang='lat' dir='ltr'>pransus,</span> <span class='ocrx_word' id='word_1_120' title='bbox 1238 1787 1403 1845; x_wconf 89' lang='lat' dir='ltr'>nudis</span> <span class='ocrx_word' id='word_1_121' title='bbox 1470 1786 1719 1860; x_wconf 90' lang='lat' dir='ltr'>pedibus,</span> <span class='ocrx_word' id='word_1_122' title='bbox 1776 1788 1966 1845; x_wconf 87' lang='lat' dir='ltr'>tunica</span> <span class='ocrx_word' id='word_1_123' title='bbox 2030 1787 2235 1861; x_wconf 89' lang='lat' dir='ltr'>soluta,</span> 
     </span>
     <span class='ocr_line' id='line_1_17' title="bbox 444 1881 2235 1957; baseline -0.003 -13"><span class='ocrx_word' id='word_1_124' title='bbox 444 1885 699 1943; x_wconf 88' lang='lat' dir='ltr'>manibus</span> <span class='ocrx_word' id='word_1_125' title='bbox 739 1884 813 1942; x_wconf 86' lang='lat' dir='ltr'>ad</span> <span class='ocrx_word' id='word_1_126' title='bbox 853 1889 1071 1957; x_wconf 88' lang='lat' dir='ltr'>tergum</span> <span class='ocrx_word' id='word_1_127' title='bbox 1117 1883 1352 1954; x_wconf 89' lang='lat' dir='ltr'>reiectis,</span> <span class='ocrx_word' id='word_1_128' title='bbox 1383 1881 1757 1939; x_wconf 88' lang='lat' dir='ltr'>inambularet</span> <span class='ocrx_word' id='word_1_129' title='bbox 1799 1886 1857 1940; x_wconf 92' lang='lat' dir='ltr'>et</span> <span class='ocrx_word' id='word_1_130' title='bbox 1906 1881 1991 1937; x_wconf 89' lang='lat' dir='ltr'>illi</span> <span class='ocrx_word' id='word_1_131' title='bbox 2030 1882 2235 1939; x_wconf 91' lang='lat' dir='ltr'>misero</span> 
     </span>
     <span class='ocr_line' id='line_1_18' title="bbox 446 1977 2234 2056; baseline -0.002 -17"><span class='ocrx_word' id='word_1_132' title='bbox 446 1981 774 2056; x_wconf 89' lang='lat' dir='ltr'>quiritanti:</span> <span class='ocrx_word' id='word_1_133' title='bbox 845 2000 885 2039; x_wconf 83' lang='lat' dir='ltr'>c.</span> <span class='ocrx_word' id='word_1_134' title='bbox 935 1999 981 2039; x_wconf 81' lang='lat' dir='ltr'>r.</span> <span class='ocrx_word' id='word_1_135' title='bbox 1033 1986 1194 2037; x_wconf 73' lang='lat' dir='ltr'>natus</span> <span class='ocrx_word' id='word_1_136' title='bbox 1240 1998 1375 2052; x_wconf 59' lang='lat' dir='ltr'>suan,</span> <span class='ocrx_word' id='word_1_137' title='bbox 1426 1977 1810 2052; x_wconf 88' lang='lat' dir='ltr'>responderet:</span> <span class='ocrx_word' id='word_1_138' title='bbox 1880 1980 1895 2007; x_wconf 92' lang='lat'>‘</span> <span class='ocrx_word' id='word_1_139' title='bbox 1909 1977 2023 2036; x_wconf 89' lang='lat' dir='ltr'>Abi</span> <span class='ocrx_word' id='word_1_140' title='bbox 2070 1997 2234 2053; x_wconf 83' lang='lat' dir='ltr'>nunc,</span> 
     </span>
     <span class='ocr_line' id='line_1_19' title="bbox 442 2075 2238 2155; baseline -0.003 -17"><span class='ocrx_word' id='word_1_141' title='bbox 442 2080 633 2155; x_wconf 87' lang='lat' dir='ltr'>populi</span> <span class='ocrx_word' id='word_1_142' title='bbox 672 2079 838 2138; x_wconf 87' lang='lat' dir='ltr'>fidem</span> <span class='ocrx_word' id='word_1_143' title='bbox 879 2078 1148 2152; x_wconf 88' lang='lat' dir='ltr'>implora.&#39;</span> <span class='ocrx_word' id='word_1_144' title='bbox 1248 2077 1453 2135; x_wconf 90' lang='lat' dir='ltr'>Bestiis</span> <span class='ocrx_word' id='word_1_145' title='bbox 1493 2093 1625 2134; x_wconf 84' lang='lat' dir='ltr'>vero</span> <span class='ocrx_word' id='word_1_146' title='bbox 1652 2076 1799 2133; x_wconf 84' lang='lat' dir='ltr'>cives</span> <span class='ocrx_word' id='word_1_147' title='bbox 1840 2075 2133 2147; x_wconf 89' lang='lat' dir='ltr'>Romanos,</span> <span class='ocrx_word' id='word_1_148' title='bbox 2176 2078 2238 2133; x_wconf 90' lang='lat' dir='ltr'>in</span> 
     </span>
     <span class='ocr_line' id='line_1_20' title="bbox 444 2173 2237 2249; baseline -0.002 -15"><span class='ocrx_word' id='word_1_149' title='bbox 444 2178 514 2234; x_wconf 90' lang='lat' dir='ltr'>iis</span> <span class='ocrx_word' id='word_1_150' title='bbox 550 2175 928 2234; x_wconf 82' lang='lat' dir='ltr'>circulatorem</span> <span class='ocrx_word' id='word_1_151' title='bbox 968 2174 1248 2249; x_wconf 87' lang='lat' dir='ltr'>quendam</span> <span class='ocrx_word' id='word_1_152' title='bbox 1289 2174 1626 2243; x_wconf 91' lang='lat' dir='ltr'>auctionum,</span> <span class='ocrx_word' id='word_1_153' title='bbox 1671 2173 2021 2230; x_wconf 90' lang='lat' dir='ltr'>notissimum</span> <span class='ocrx_word' id='word_1_154' title='bbox 2060 2173 2237 2231; x_wconf 88' lang='lat' dir='ltr'>homi-</span> 
     </span>
     <span class='ocr_line' id='line_1_21' title="bbox 445 2268 2237 2345; baseline -0.001 -15"><span class='ocrx_word' id='word_1_155' title='bbox 445 2291 572 2330; x_wconf 90' lang='lat' dir='ltr'>nem</span> <span class='ocrx_word' id='word_1_156' title='bbox 609 2272 847 2345; x_wconf 87' lang='lat' dir='ltr'>Hispali,</span> <span class='ocrx_word' id='word_1_157' title='bbox 889 2272 1021 2345; x_wconf 92' lang='lat' dir='ltr'>quia</span> <span class='ocrx_word' id='word_1_158' title='bbox 1057 2271 1319 2329; x_wconf 88' lang='lat' dir='ltr'>deformis</span> <span class='ocrx_word' id='word_1_159' title='bbox 1354 2274 1489 2343; x_wconf 89' lang='lat' dir='ltr'>erat,</span> <span class='ocrx_word' id='word_1_160' title='bbox 1532 2269 1749 2327; x_wconf 88' lang='lat' dir='ltr'>obiecit.</span> <span class='ocrx_word' id='word_1_161' title='bbox 1838 2268 1982 2327; x_wconf 81' lang='lat' dir='ltr'>Cum</span> <span class='ocrx_word' id='word_1_162' title='bbox 2009 2269 2237 2328; x_wconf 88' lang='lat' dir='ltr'>huiusce</span> 
     </span>
     <span class='ocr_line' id='line_1_22' title="bbox 445 2366 2232 2443; baseline -0.001 -14"><span class='ocrx_word' id='word_1_163' title='bbox 445 2371 597 2429; x_wconf 92' lang='lat' dir='ltr'>modi</span> <span class='ocrx_word' id='word_1_164' title='bbox 631 2374 888 2443; x_wconf 87' lang='lat' dir='ltr'>portento</span> <span class='ocrx_word' id='word_1_165' title='bbox 928 2387 1016 2428; x_wconf 92' lang='lat' dir='ltr'>res</span> <span class='ocrx_word' id='word_1_166' title='bbox 1051 2370 1190 2427; x_wconf 88' lang='lat' dir='ltr'>mihi</span> <span class='ocrx_word' id='word_1_167' title='bbox 1226 2370 1352 2428; x_wconf 86' lang='lat' dir='ltr'>fuit.</span> <span class='ocrx_word' id='word_1_168' title='bbox 1438 2367 1550 2427; x_wconf 87' lang='lat' dir='ltr'>Sed</span> <span class='ocrx_word' id='word_1_169' title='bbox 1590 2367 1658 2425; x_wconf 90' lang='lat' dir='ltr'>de</span> <span class='ocrx_word' id='word_1_170' title='bbox 1698 2366 1796 2424; x_wconf 92' lang='lat' dir='ltr'>illo</span> <span class='ocrx_word' id='word_1_171' title='bbox 1834 2367 1995 2441; x_wconf 89' lang='lat' dir='ltr'>plura</span> <span class='ocrx_word' id='word_1_172' title='bbox 2033 2386 2232 2427; x_wconf 91' lang='lat' dir='ltr'>coram.</span> 
     </span>
     <span class='ocr_line' id='line_1_23' title="bbox 450 2464 2237 2540; baseline -0.002 -15"><span class='ocrx_word' id='word_1_173' title='bbox 450 2469 502 2527; x_wconf 87' lang='lat'>4.</span> <span class='ocrx_word' id='word_1_174' title='bbox 547 2467 731 2540; x_wconf 85' lang='lat' dir='ltr'>Nunc,</span> <span class='ocrx_word' id='word_1_175' title='bbox 755 2467 904 2540; x_wconf 93' lang='lat' dir='ltr'>quod</span> <span class='ocrx_word' id='word_1_176' title='bbox 923 2471 1170 2540; x_wconf 90' lang='lat' dir='ltr'>praestat</span> <span class='ocrx_word' id='word_1_177' title='bbox 1196 2488 1209 2524; x_wconf 72' lang='grc' dir='ltr'>ε</span> <span class='ocrx_word' id='word_1_178' title='bbox 1240 2466 1375 2539; x_wconf 91' lang='lat' dir='ltr'>quid</span> <span class='ocrx_word' id='word_1_179' title='bbox 1392 2483 1481 2523; x_wconf 91' lang='lat' dir='ltr'>me</span> <span class='ocrx_word' id='word_1_180' title='bbox 1500 2464 1689 2522; x_wconf 84' lang='lat' dir='ltr'>velitis</span> <span class='ocrx_word' id='word_1_181' title='bbox 1707 2464 1886 2522; x_wconf 88' lang='lat' dir='ltr'>facere</span> <span class='ocrx_word' id='word_1_182' title='bbox 1902 2465 2237 2522; x_wconf 80' lang='lat' dir='ltr'>constituite,</span> 
     </span>
     <span class='ocr_line' id='line_1_24' title="bbox 449 2561 2238 2637; baseline -0.002 -16"><span class='ocrx_word' id='word_1_183' title='bbox 449 2565 582 2622; x_wconf 86' lang='lat' dir='ltr'>Tres</span> <span class='ocrx_word' id='word_1_184' title='bbox 609 2564 850 2637; x_wconf 89' lang='lat' dir='ltr'>legiones</span> <span class='ocrx_word' id='word_1_185' title='bbox 881 2564 1069 2621; x_wconf 84' lang='lat' dir='ltr'>firmas</span> <span class='ocrx_word' id='word_1_186' title='bbox 1105 2563 1299 2635; x_wconf 88' lang='lat' dir='ltr'>habe0,</span> <span class='ocrx_word' id='word_1_187' title='bbox 1330 2580 1564 2635; x_wconf 89' lang='lat' dir='ltr'>quarum</span> <span class='ocrx_word' id='word_1_188' title='bbox 1600 2579 1785 2635; x_wconf 88' lang='lat' dir='ltr'>unam,</span> <span class='ocrx_word' id='word_1_189' title='bbox 1818 2561 2238 2619; x_wconf 86' lang='lat' dir='ltr'>duodetricensi-</span> 
     </span>
     <span class='ocr_line' id='line_1_25' title="bbox 449 2659 2237 2735; baseline -0.002 -15"><span class='ocrx_word' id='word_1_190' title='bbox 449 2680 613 2735; x_wconf 88' lang='lat' dir='ltr'>mam,</span> <span class='ocrx_word' id='word_1_191' title='bbox 666 2680 793 2719; x_wconf 92' lang='lat' dir='ltr'>cum</span> <span class='ocrx_word' id='word_1_192' title='bbox 837 2662 909 2719; x_wconf 90' lang='lat' dir='ltr'>ad</span> <span class='ocrx_word' id='word_1_193' title='bbox 955 2679 1014 2719; x_wconf 90' lang='lat' dir='ltr'>se</span> <span class='ocrx_word' id='word_1_194' title='bbox 1064 2661 1224 2717; x_wconf 92' lang='lat' dir='ltr'>initio</span> <span class='ocrx_word' id='word_1_195' title='bbox 1270 2660 1405 2717; x_wconf 91' lang='lat' dir='ltr'>belli</span> <span class='ocrx_word' id='word_1_196' title='bbox 1451 2659 1764 2717; x_wconf 85' lang='lat' dir='ltr'>arcessisset</span> <span class='ocrx_word' id='word_1_197' title='bbox 1811 2659 2089 2716; x_wconf 87' lang='lat' dir='ltr'>Antonius</span> <span class='ocrx_word' id='word_1_198' title='bbox 2134 2659 2237 2716; x_wconf 90' lang='lat' dir='ltr'>hac</span> 
     </span>
     <span class='ocr_line' id='line_1_26' title="bbox 449 2754 2235 2833; baseline -0.003 -17"><span class='ocrx_word' id='word_1_199' title='bbox 449 2758 861 2833; x_wconf 89' lang='lat' dir='ltr'>pollicitatione,</span> <span class='ocrx_word' id='word_1_200' title='bbox 904 2776 1013 2831; x_wconf 94' lang='lat' dir='ltr'>quo</span> <span class='ocrx_word' id='word_1_201' title='bbox 1050 2757 1139 2814; x_wconf 89' lang='lat' dir='ltr'>die</span> <span class='ocrx_word' id='word_1_202' title='bbox 1175 2758 1235 2813; x_wconf 97' lang='lat' dir='ltr'>in</span> <span class='ocrx_word' id='word_1_203' title='bbox 1272 2761 1454 2813; x_wconf 87' lang='lat' dir='ltr'>castra</span> <span class='ocrx_word' id='word_1_204' title='bbox 1492 2756 1749 2828; x_wconf 84' lang='lat' dir='ltr'>venisset,</span> <span class='ocrx_word' id='word_1_205' title='bbox 1794 2754 2043 2813; x_wconf 87' lang='lat' dir='ltr'>denarios</span> <span class='ocrx_word' id='word_1_206' title='bbox 2084 2755 2235 2827; x_wconf 91' lang='lat' dir='ltr'>quin-</span> 
     </span>
     <span class='ocr_line' id='line_1_27' title="bbox 449 2851 2234 2929; baseline -0.002 -15"><span class='ocrx_word' id='word_1_207' title='bbox 449 2874 616 2929; x_wconf 88' lang='lat' dir='ltr'>genos</span> <span class='ocrx_word' id='word_1_208' title='bbox 643 2855 876 2929; x_wconf 86' lang='lat' dir='ltr'>singulis</span> <span class='ocrx_word' id='word_1_209' title='bbox 911 2853 1186 2911; x_wconf 90' lang='lat' dir='ltr'>militibus</span> <span class='ocrx_word' id='word_1_210' title='bbox 1222 2853 1499 2925; x_wconf 85' lang='lat' dir='ltr'>daturum,</span> <span class='ocrx_word' id='word_1_211' title='bbox 1530 2853 1590 2909; x_wconf 93' lang='lat' dir='ltr'>in</span> <span class='ocrx_word' id='word_1_212' title='bbox 1616 2852 1849 2909; x_wconf 83' lang='lat' dir='ltr'>victoria</span> <span class='ocrx_word' id='word_1_213' title='bbox 1883 2868 2014 2909; x_wconf 84' lang='lat' dir='ltr'>vero</span> <span class='ocrx_word' id='word_1_214' title='bbox 2048 2851 2234 2910; x_wconf 90' lang='lat' dir='ltr'>eadem</span> 
     </span>
     <span class='ocr_line' id='line_1_28' title="bbox 451 2948 2233 3026; baseline -0.003 -15"><span class='ocrx_word' id='word_1_215' title='bbox 451 2954 707 3026; x_wconf 85' lang='lat' dir='ltr'>praemia,</span> <span class='ocrx_word' id='word_1_216' title='bbox 739 2970 880 3026; x_wconf 87' lang='lat' dir='ltr'>quae</span> <span class='ocrx_word' id='word_1_217' title='bbox 909 2951 1024 3008; x_wconf 91' lang='lat' dir='ltr'>suis</span> <span class='ocrx_word' id='word_1_218' title='bbox 1050 2950 1670 3023; x_wconf 86' lang='lat' dir='ltr'>legionibus—quorum</span> <span class='ocrx_word' id='word_1_219' title='bbox 1704 2950 1827 3022; x_wconf 92' lang='lat' dir='ltr'>quis</span> <span class='ocrx_word' id='word_1_220' title='bbox 1864 2949 2037 3006; x_wconf 88' lang='lat' dir='ltr'>ullam</span> <span class='ocrx_word' id='word_1_221' title='bbox 2072 2948 2233 3005; x_wconf 88' lang='lat' dir='ltr'>finem</span> 
     </span>
     <span class='ocr_line' id='line_1_29' title="bbox 452 3046 2229 3121; baseline -0.003 -12"><span class='ocrx_word' id='word_1_222' title='bbox 452 3055 550 3109; x_wconf 89' lang='lat' dir='ltr'>aut</span> <span class='ocrx_word' id='word_1_223' title='bbox 596 3050 822 3107; x_wconf 88' lang='lat' dir='ltr'>modum</span> <span class='ocrx_word' id='word_1_224' title='bbox 869 3049 1122 3107; x_wconf 86' lang='lat' dir='ltr'>futurum</span> <span class='ocrx_word' id='word_1_225' title='bbox 1171 3046 1396 3121; x_wconf 89' lang='lat' dir='ltr'>putabit</span> <span class='ocrx_word' id='word_1_226' title='bbox 1413 3046 1975 3105; x_wconf 67' lang='lat' dir='ltr'>‘i—-incitatissimam</span> <span class='ocrx_word' id='word_1_227' title='bbox 2014 3046 2229 3117; x_wconf 89' lang='lat' dir='ltr'>retinui,</span> 
     </span>
     <span class='ocr_line' id='line_1_30' title="bbox 452 3142 2227 3221; baseline -0.004 -15"><span class='ocrx_word' id='word_1_228' title='bbox 452 3166 610 3221; x_wconf 83' lang='lat' dir='ltr'>aegre</span> <span class='ocrx_word' id='word_1_229' title='bbox 637 3146 973 3205; x_wconf 89' lang='lat' dir='ltr'>mehercules</span> <span class='ocrx_word' id='word_1_230' title='bbox 994 3168 1007 3204; x_wconf 90' lang='lat'>:</span> <span class='ocrx_word' id='word_1_231' title='bbox 1049 3163 1150 3203; x_wconf 90' lang='lat' dir='ltr'>nec</span> <span class='ocrx_word' id='word_1_232' title='bbox 1168 3144 1534 3215; x_wconf 86' lang='lat' dir='ltr'>retinuissem,</span> <span class='ocrx_word' id='word_1_233' title='bbox 1566 3145 1615 3200; x_wconf 91' lang='lat' dir='ltr'>si</span> <span class='ocrx_word' id='word_1_234' title='bbox 1633 3162 1745 3201; x_wconf 89' lang='lat' dir='ltr'>uno</span> <span class='ocrx_word' id='word_1_235' title='bbox 1763 3143 1883 3200; x_wconf 90' lang='lat' dir='ltr'>loco</span> <span class='ocrx_word' id='word_1_236' title='bbox 1904 3142 2227 3215; x_wconf 87' lang='lat' dir='ltr'>habuissem,</span> 
     </span>
     <span class='ocr_line' id='line_1_31' title="bbox 452 3239 2224 3318; baseline -0.001 -17"><span class='ocrx_word' id='word_1_237' title='bbox 452 3248 646 3318; x_wconf 89' lang='lat' dir='ltr'>utpote</span> <span class='ocrx_word' id='word_1_238' title='bbox 668 3261 793 3301; x_wconf 91' lang='lat' dir='ltr'>cum</span> <span class='ocrx_word' id='word_1_239' title='bbox 815 3242 1062 3315; x_wconf 83' lang='lat' dir='ltr'>singulae</span> <span class='ocrx_word' id='word_1_240' title='bbox 1083 3241 1355 3314; x_wconf 89' lang='lat' dir='ltr'>quaedam</span> <span class='ocrx_word' id='word_1_241' title='bbox 1376 3241 1623 3298; x_wconf 87' lang='lat' dir='ltr'>cohortes</span> <span class='ocrx_word' id='word_1_242' title='bbox 1644 3239 1968 3297; x_wconf 88' lang='lat' dir='ltr'>seditionem</span> <span class='ocrx_word' id='word_1_243' title='bbox 1988 3239 2224 3299; x_wconf 88' lang='lat' dir='ltr'>fecerint.</span> 
     </span>
    </p>
   </div>
  </div>
 </body>
</html>
