2434 3734
406 247 436 294 s
1059 240 1121 291 v,
1161 229 1333 309 (A'rr.
1374 240 1417 289 1.
1458 226 1546 307 17)

404 399 750 459 incommoda
785 400 906 456 sive
933 399 1074 456 vitia
1113 399 1230 456 sive
1270 399 1501 456 iniurias
1528 416 1647 456 esse
1682 398 2011 471 tolerandas,
2034 397 2199 456 faeile

405 500 554 572 haec,
593 515 757 572 quem
797 497 870 554 ad
902 497 1127 555 modum
1169 514 1342 570 sper-0,
1388 497 1807 569 mitigabuntur.
1896 496 2057 566 Quod
2098 514 2201 569 ego

405 601 471 654 ut
511 596 681 653 facias
722 599 780 653 te
808 613 920 666 oro,
1005 594 1062 651 N
1063 611 1157 650 am
1185 593 1260 650 ad
1286 611 1392 666 me,
1424 594 1522 667 qui
1562 598 1621 651 te
1647 593 1807 651 uniee
1833 593 2018 666 dffigo,
2048 612 2201 651 max-

405 695 514 751 ime
541 694 784 766 pertinet
811 692 1086 749 neminem
1123 709 1243 748 esse
1269 709 1535 764 meorum,
1566 692 1663 764 qui
1698 696 1799 748 aut
1826 696 1885 749 te
1910 709 2022 748 non
2048 696 2201 749 amet

405 796 506 848 aut
526 790 626 849 abs
647 796 705 847 te
725 808 834 847 non
857 793 1088 848 ametur.
1162 788 1215 846 5.
1264 788 1375 845 Illa
1388 805 1517 862 pars
1538 787 1801 861 epistolae
1822 794 1953 846 tuae
1973 789 2201 847 minime

406 890 516 947 fuit
557 889 874 962 necessaria,
906 889 966 945 in
1006 905 1119 960 qua
1159 887 1387 960 exponis
1426 904 1565 960 quas
1604 886 1900 952 facultates
1940 892 2041 944 aut
2080 905 2201 961 pro-

405 986 726 1044 vincialium
751 990 854 1043 aut
889 985 1226 1042 urbanorum
1254 984 1662 1084 commodorum
1688 989 1747 1042 et
1782 984 1905 1041 aliis
1946 986 2202 1058 tempori-

407 1086 511 1142 bus
552 1089 610 1140 et
637 1101 726 1140 me
765 1083 886 1155 ipso
914 1081 1136 1140 consule
1176 1082 1622 1154 praetermiseris,
1711 1081 1857 1138 Mihi
1896 1082 2045 1138 enim
2085 1100 2203 1155 per-

407 1186 594 1255 specta
621 1185 707 1238 est
746 1180 1061 1252 ingenuitas
1088 1182 1147 1236 et
1187 1178 1516 1250 magnitudo
1552 1179 1725 1234 animi
1762 1179 1864 1249 tui,
1895 1196 2073 1251 neque
2100 1196 2202 1251 ego

407 1281 554 1336 inter
607 1296 696 1335 me
743 1282 912 1350 atque
959 1281 1017 1336 te
1071 1276 1378 1350 quidquam
1433 1277 1703 1333 interesse
1748 1292 2012 1347 umquam
2067 1276 2202 1332 duxi

35 1407 214 1506 m
383 1381 625 1450 ·praeter
673 1375 1020 1432 voluntatem
1075 1375 1371 1430 institutae
1420 1374 1585 1445 vitae,
1639 1374 1787 1446 quod
1833 1391 1923 1431 me
1971 1373 2203 1431 ambitio
2285 1373 2362 1437 μθ

234 1424 678 1594 ·Ἠ“*ήιιεθᾶαω
722 1472 793 1529 ad
841 1471 953 1528 hon
1055 1489 1112 1528 m
1160 1469 1428 1541 studium,
1477 1474 1536 1527 te
1586 1475 1772 1527 autem
1822 1470 1933 1526 alia
1976 1423 2410 1546 ¹115an

408 1488 1162 1646 reprehendendaffi‘ad
1209 1566 1505 1624 honestum
1553 1567 1633 1623 oti
1673 1585 1729 1624 m
1778 1567 1815 1624 d
1894 1568 1953 1625 't.
2055 1568 2206 1625 Vera

371 1644 378 1654 ⁸
409 1668 634 1741 quidem
673 1664 838 1723 laude
874 1665 1184 1738 probitatis,
1227 1585 2087 1738 diligentiaeffgss‘g‘ssfnffffeffie
2114 1683 2203 1722 me

409 1765 516 1822 tibi
543 1781 720 1836 neque
741 1780 1075 1836 quemquam
1103 1764 1395 1834 antepono,
1420 1761 1619 1818 amoris
1647 1767 1777 1818 vero
1799 1778 1927 1833 erga
1947 1779 2051 1834 me,
2076 1780 2205 1820 eum

43 1852 394 2017 Γνῦψ.
409 1881 444 1920 a
487 1863 732 1919 fraterno
789 1855 1019 1940 [amore]
1074 1858 1484 1930 domesticoque
1538 1857 1783 1930 discessi,
1836 1857 1943 1915 tibi
1996 1829 2433 1982 primaspwssz}

409 1959 608 2016 defero,
696 1956 748 2014 6.
794 1955 930 2013 Vidi
971 1954 1134 2027 enim,
1165 1953 1286 2010 vidi
1327 1953 1659 2026 penitusque
1696 1955 1947 2026 perspexi
1978 1954 2040 2011 in
2066 1956 2205 2012 meis
2388 2031 2411 2040 ο

74 2101 86 2114 .
408 2058 579 2114 variis
607 2054 948 2128 temporibus
975 2058 1034 2111 et
1074 2052 1455 2110 solicitudines
1484 2057 1542 2109 et
1568 2052 1812 2109 laetitias
1840 2056 1983 2110 tuas.
2070 2052 2207 2110 Fuit

105 2096 551 2211 Qihi
593 2170 753 2224 saepe
795 2156 854 2208 et
900 2149 1080 2207 laudis
1122 2154 1344 2208 nostrae
1382 2148 1685 2222 gratulatio
1726 2153 1827 2206 tua
1868 2149 2107 2206 iucunda
2148 2155 2206 2207 et

29 2139 214 2358 M]
411 2249 626 2307 timoris
647 2247 947 2305 consolatio
967 2251 1142 2318 grata.
1231 2245 1381 2315 Quin
1408 2245 1548 2301 mihi
1574 2262 1722 2302 nune
1749 2250 1809 2302 te
1836 2246 2065 2304 absente
2093 2264 2205 2302 non

411 2348 590 2405 solum
619 2345 922 2418 consilium,
948 2363 1058 2417 quo
1085 2350 1148 2402 tu
1179 2344 1415 2416 excellis,
1448 2344 1545 2401 sed
1572 2345 1743 2401 etiam
1768 2345 2035 2402 sermonis
2064 2363 2206 2403 eom-

411 2443 726 2515 munieatiO,
742 2450 890 2516 'quae
910 2441 1048 2498 mihi
1077 2442 1405 2499 suavissima
1424 2445 1609 2498 tecum
1636 2442 1777 2499 solet
1804 2459 1935 2514 esse,
1967 2444 2207 2501 maxime

412 2541 784 2613 deest—quid
825 2539 1042 2597 dicam?
1095 2540 1154 2596 in
1195 2539 1419 2612 publiea
1456 2557 1531 2610 re,
1564 2557 1673 2612 quo
1724 2539 1785 2596 in
1831 2557 2027 2612 genere
2067 2541 2205 2598 mihi

412 2638 725 2712 neglegenti
751 2655 868 2694 esse
889 2655 999 2693 non
1026 2635 1171 2708 lieet,
1197 2653 1271 2692 an
1298 2637 1358 2693 in
1384 2636 1588 2693 forensi
1614 2636 1815 2708 labore,
1847 2655 2012 2709 quem
2040 2642 2207 2694 antea

451 2755 511 2794 ro
551 2741 637 2793 ter
662 2736 1022 2793 ambitionem
1043 2734 1404 2803 sustinebam,
1426 2751 1588 2806 nunc,
1610 2739 1676 2790 ut
1702 2734 2038 2806 dignitatem
2059 2735 2206 2790 tueri

57 2755 596 2982 Μ
619 2833 840 2906 possim,
873 2849 944 2888 an
980 2833 1039 2889 in
1080 2832 1214 2904 ipsis
1244 2831 1561 2888 domesticis
1602 2832 1877 2904 negotiis?
1916 2833 1977 2888 in
2004 2832 2207 2904 quibus

415 2948 515 3003 ego
543 2948 667 2986 cum
695 2933 861 2986 antea
887 2933 1014 2997 tum
1037 2946 1166 2986 vero
1207 2929 1673 3040 pomum
1702 2930 1893 2987 fratris
1921 2934 1980 2986 te
2007 2947 2207 2987 sermo-

417 3045 621 3099 nesque
647 3032 864 3083 nostros
891 3000 1154 3083 (iffi.
1242 3026 1531 3084 Postremo
1558 3045 1667 3083 non
1708 3026 1865 3084 labor
1890 3045 2061 3098 meus,
2095 3045 2208 3084 non

417 3123 645 3195 requies,
677 3140 786 3179 non
824 3124 1122 3195 negotium,
1155 3141 1266 3178 non
1295 3124 1486 3196 otium,
1529 3141 1637 3180 non
1680 3124 1921 3180 forenses
1961 3141 2062 3196 res,
2096 3141 2207 3181 non

311 3259 394 3348 νο
419 3220 766 3290 domesticae,
798 3238 908 3276 non
934 3219 1204 3292 publicae,
1238 3238 1347 3276 non
1376 3221 1625 3292 privatae
1654 3238 1834 3279 carere
1863 3222 2077 3279 diutius
2106 3225 2205 3308 ¹³¹30
