2434 3734
421 245 482 294 90
1017 244 1131 293 LII.
1169 237 1353 312 (ΒΑΜ.
1395 245 1484 295 1x.
1523 233 1609 313 19)

426 397 577 455 Scire
604 399 748 454 enim
778 399 878 469 vis,
904 416 1013 471 quo
1039 416 1149 455 uno
1177 400 1395 456 animus
1422 399 1605 457 alitur.
1680 399 1806 470 Sed,
1832 418 2049 471 quaeso,
2075 402 2211 473 quid

419 514 488 553 ex
507 496 618 553 ista
637 501 802 554 acuta
823 500 880 553 et
899 498 1057 569 gravi
1079 497 1317 554 refertur
1337 496 1410 553 ad
1429 493 1633 555 τὲλοςἸ
1673 496 1709 531 '¹'
1752 495 1791 531 '¹'
1834 496 1870 531 ἱ·
1914 497 2026 557 Sed
2045 498 2213 571 longa

419 594 593 651 oratio
647 598 734 651 est
781 599 839 651 et
886 600 954 651 tu
999 600 1298 668 occupatus
1344 614 1403 653 es
1446 596 1505 652 in
1560 613 1683 653 meo
1737 595 1969 653 fortasse
2023 596 2213 669 aliquo

417 692 654 764 negotio.
741 692 819 749 Et
864 711 963 766 pro
1010 694 1120 750 isto
1166 712 1289 751 asso
1337 693 1467 766 sole,
1514 711 1624 767 quo
1672 699 1739 751 tu
1784 695 1990 752 abusus
2044 713 2103 752 es
2148 696 2210 752 in

417 793 606 846 nostro
633 789 868 862 pratulo,
894 808 929 846 a
955 795 1012 847 te
1039 790 1283 849 nitidum
1310 791 1481 859 solem
1516 796 1853 864 unctumque
1879 796 2204 865 repetemus.

419 886 529 944 Sed
556 887 628 943 ad
653 888 834 960 prima
857 888 1034 948 redeo,
1121 888 1369 961 Librum,
1401 890 1450 945 si
1478 908 1565 947 me
1592 907 1760 960 amas,
1789 890 1968 947 mitte.
2056 890 2209 947 Tuus

417 988 503 1041 est
530 985 678 1042 enim
705 986 964 1059 profectO,
998 987 1259 1059 quoniam
1285 987 1509 1059 quidem
1538 992 1625 1044 est
1652 988 1852 1045 missus
1880 986 1951 1043 ad
1978 993 2051 1045 te.

519 1128 573 1187 3.
621 1127 894 1201 Chremes,
922 1139 1208 1189 tantumne
1236 1132 1307 1189 ab
1335 1152 1396 1189 re
1424 1140 1525 1189 tua
1550 1140 1626 1189 est
1654 1132 1733 1189 oti
1760 1130 1866 1189 tibi
1908 1176 1920 1189 .
1966 1176 1979 1189 .
2028 1176 2041 1189 .
2067 1176 2081 1203 ,

415 1277 482 1329 ut
543 1273 713 1330 etiam
779 1277 794 1305 ‘
811 1279 1082 1332 oratorem
1100 1276 1114 1302 '
1174 1275 1365 1348 legas?
1459 1274 1647 1332 Macte
1714 1275 1961 1333 virtute!
2060 1274 2209 1351 Mihi

415 1371 646 1444 quidem·
680 1377 901 1444 gratum
929 1377 1016 1429 est
1042 1379 1101 1430 et
1141 1374 1249 1430 erit
1274 1374 1502 1445 gratius,
1534 1374 1584 1429 si
1610 1391 1721 1430 non
1761 1374 1925 1431 modo
1951 1375 2010 1430 in
2050 1366 2210 1433 libris
2254 1436 2263 1445 ,

416 1470 546 1541 tuis,
590 1470 687 1527 sed
735 1471 906 1527 etiam
953 1472 1013 1527 in
1067 1470 1299 1528 aliorum
1346 1490 1444 1544 per
1489 1470 1739 1528 librarios
1787 1477 1914 1529 tuos
1964 1477 1979 1503 ‘
1996 1472 2211 1539 Aristo-

415 1567 654 1639 phanem
670 1567 685 1594 '
712 1569 1016 1640 reposueris
1044 1585 1143 1641 pro
1177 1570 1191 1598 ‘
1208 1568 1443 1642 Eupoli.’
1530 1569 1581 1626 4.
1631 1568 1833 1627 Caesar
1860 1574 2048 1627 autem
2068 1571 2209 1628 mihi

416 1665 640 1731 irridere
668 1666 821 1723 visus
849 1671 935 1723 est
982 1672 996 1697 ‘
1013 1684 1214 1739 quaeso
1232 1666 1245 1692 ’
1274 1665 1414 1723 illud
1446 1671 1623 1739 tuum,
1656 1667 1804 1739 quod
1832 1672 1951 1725 erat
1993 1666 2211 1729 εὒπινὲς

417 1768 474 1820 et
513 1764 802 1823 urbanum.
890 1763 986 1821 Ita
1011 1782 1171 1836 porro
1213 1768 1271 1821 te
1298 1764 1416 1821 sine
1444 1782 1574 1821 cura
1606 1782 1723 1822 6886
1751 1766 1929 1837 iussit,
1964 1772 2029 1825 ut
2070 1769 2209 1825 mihi

417 1862 640 1934 quidem
696 1862 1100 1919 dubitationem
1156 1880 1375 1919 omnem
1430 1862 1664 1921 tolleret.
1752 1863 2002 1921 Atticam
2051 1865 2210 1923 doleo

417 1964 535 2016 tam
562 1960 674 2031 (1111,
705 1961 803 2017 86(1
843 1961 1104 2033 quoniam
1135 1960 1248 2017 iam
1274 1960 1393 2017 sine
1420 1959 1640 2018 horrore
1680 1966 1780 2033 est,
1812 1979 1970 2034 spero
1998 1980 2113 2020 esse
2143 1969 2209 2021 ut

416 2058 684 2117 volumus.

754 2226 882 2307 1.,11.
926 2249 1022 2307 'ro
1067 2249 1372 2308 PAETUS
1416 2247 1595 2328 (rm
1638 2267 1721 2308 1x.
1768 2250 1869 2329 19)

645 2402 837 2464 norm,
873 2406 1064 2455 A.U.0.
1104 2404 1239 2467 7083
1282 2408 1393 2456 no,
1436 2407 1531 2465 463
1577 2408 1712 2457 Am.
1755 2408 1870 2457 616.
1914 2411 1976 2458 60

497 2548 636 2605 Quod
656 2547 911 2608 scripserat
931 2547 985 2595 L.
1011 2548 1188 2596 Paetus
1209 2550 1347 2596 tenui
1367 2552 1606 2609 apparatu
1622 2550 1830 2599 Balbum
1848 2552 1997 2599 fuisse
2013 2555 2207 2601 conten-

416 2630 536 2683 tum,
563 2626 626 2672 M.
659 2625 822 2673 Cicero
845 2626 916 2673 ita
938 2627 1136 2686 iocatur,
1167 2628 1305 2687 quasi
1335 2627 1420 2675 ille
1448 2629 1802 2678 accusationem
1831 2629 2210 2680 incontinentiae

415 2716 528 2771 suae
550 2702 825 2749 intenderit.

522 2844 572 2901 1.
617 2843 827 2900 Tamen
848 2862 883 2899 a
901 2842 1118 2900 malitia
1137 2860 1250 2900 non
1270 2843 1505 2901 discedis
1523 2845 1544 2901 ‘l
1616 2845 1915 2903 Tenuiculo
1936 2854 2211 2921 apparatu

415 2939 690 3011 significas
719 2938 958 2995 Balbum
986 2940 1156 2997 fuisse
1189 2938 1527 3001 contentum.
1615 2942 1739 2999 Hoc
1770 2942 1975 3001 videris
2008 2943 2205 3017 dicere,

416 3055 541 3096 cum
567 3055 722 3111 reges
759 3040 876 3094 tam
913 3038 1028 3095 sint
1065 3037 1427 3110 continentes,
1468 3040 1647 3096 multo
1682 3042 1859 3113 magis
1896 3042 2209 3101 consulares

416 3152 534 3193 esse
555 3138 818 3207 oportere.
907 3134 1102 3192 Nescis
1122 3153 1212 3193 me
1233 3136 1305 3193 ab
1326 3136 1421 3193 illo
1442 3137 1627 3193 omnia
1646 3137 1987 3210 expiscatum
2009 3160 2024 3211 ;
2056 3145 2210 3198 reeta

417 3233 563 3290 enim
597 3250 631 3287 a
669 3236 832 3304 porta
857 3232 1083 3290 domum
1111 3252 1292 3291 meam
1321 3234 1533 3292 venisse
1557 3256 1569 3292 ε
1612 3252 1789 3307 neque
1817 3236 1919 3294 hoc
1946 3237 2201 3310 admiror,
