2434 3734
479 291 607 334 XXX
778 306 781 310 ·
955 281 1201 333 CICERO
1236 281 1317 333 IN
1352 281 1471 332 HIS
1507 280 1804 332 LETTERS

559 435 657 496 Qui
676 435 764 486 hio
794 437 965 501 potest
996 451 1050 486 se
1080 450 1250 501 gerere
1280 450 1385 485 non
1418 420 1651 501 perdite?
1716 433 1912 485 Vetant
1933 434 2057 496 vita,
2085 450 2261 497 mores,

475 517 596 563 ante
617 514 766 575 faeta,
789 513 919 564 ratio
941 513 1162 579 suseepti
1177 512 1387 579 negotii,
1410 511 1547 574 socii,
1568 511 1700 562 vires
1720 510 1969 562 bonorum
1998 515 2093 562 aut
2114 513 2267 563 etiam

475 591 798 642 constantia?
865 590 996 653 (Att.
1023 591 1095 642 ix.
1124 593 1203 652 2a,
1231 590 1299 654 2.)

555 667 718 719 Arrlet
749 668 914 718 furore
946 671 1000 720 et
1030 667 1212 720 eoelere
1244 704 1259 719 .
1298 703 1311 718 .
1346 702 1362 719 .
1399 681 1493 718 nee
1525 666 1630 718 iam
1663 669 1861 718 recusat
1898 666 1986 718 sed
2025 667 2265 733 quodam-

473 744 624 796 modo
667 745 897 811 postulat
948 749 1024 807 ut,
1069 743 1497 811 quemadmodum
1534 748 1627 807 est,
1666 745 1741 796 sio
1786 744 1941 796 etiam
1984 744 2260 811 appelletm

474 826 738 890 tyrannus.
811 823 942 884 (Att.
972 838 1022 873 x.
1048 826 1096 885 4,
1123 825 1190 886 2.)

554 981 640 1054 (2)
682 978 886 1038 Caesar
939 979 988 1036 is
1043 977 1223 1036 called
1266 976 1532 1052 perditus
1584 974 1721 1036 civis
1776 974 1927 1056 (Att.
1974 979 2069 1037 vii.
2122 975 2265 1056 13);

464 1076 886 1151 perditissimus
926 1076 1076 1149 (Att.
1103 1077 1221 1134 viii.
1256 1073 1320 1152 2)
1344 1097 1362 1150 3
1416 1084 1698 1150 tyrannus
1725 1071 1873 1153 (Att.
1907 1076 2002 1134 vii.
2036 1077 2129 1146 20,
2154 1077 2265 1133 and

463 1171 723 1250 passim).
813 1174 923 1231 His
950 1173 1188 1231 eonduet
1213 1173 1264 1230 is
1277 1173 1462 1249 furor
1490 1170 1639 1251 (Att.
1664 1173 1758 1232 vii.
1797 1172 1913 1251 14),
1944 1173 2055 1230 and
2094 1173 2265 1232 scelus

473 1267 751 1348 (ww)-

552 1435 644 1516 (3)
686 1436 875 1495 Oieero
903 1436 1064 1494 could
1091 1441 1191 1492 not
1217 1435 1338 1493 faoe
1364 1436 1463 1494 the
1490 1436 1680 1493 odium
1709 1437 1773 1493 of
1792 1437 1925 1494 such
1956 1456 1991 1494 a
2018 1456 2220 1496 course.

550 1591 769 1649 αἰδέομαι
789 1591 963 1653 Τρῶας,
981 1604 1074 1640 nee
1089 1588 1254 1639 solum
1272 1589 1397 1638 eivis
1412 1587 1502 1638 sed
1517 1588 1673 1640 etiam
1695 1589 1845 1638 amiei
1862 1590 2022 1640 officio
2036 1606 2255 1642 revocor.

470 1668 601 1729 (Att.
625 1667 714 1717 vii.
744 1670 822 1729 12,
849 1667 923 1726 3.)

549 1743 718 1795 Audio
752 1780 765 1793 .
805 1781 819 1794 .
853 1782 866 1794 .
906 1744 1039 1794 hano
1059 1742 1436 1793 cunctationem
1457 1746 1685 1793 nostram
1706 1759 1810 1793 non
1832 1744 2047 1811 probari,
2075 1746 2261 1796 multa-

469 1839 566 1889 que
587 1823 644 1872 in
664 1837 748 1872 me
769 1825 824 1872 et
843 1836 1011 1872 severe
1031 1821 1090 1871 in
1111 1820 1361 1871 conviviis
1382 1821 1700 1886 tempestivis
1732 1820 1938 1888 quidem
1972 1821 2223 1889 disputari
2248 1842 2260 1885 ;

469 1899 702 1950 cedamus
723 1899 897 1965 igitur.
968 1899 1103 1961 (Att.
1131 1898 1201 1948 ix.
1230 1901 1276 1960 1,
1304 1898 1377 1961 3.)

548 1977 658 2027 Neo
689 1977 826 2026 enim
862 1977 988 2026 ferre
1023 1980 1198 2042 potero
1237 1990 1491 2026 sermones
1522 1976 1739 2027 istorum
1765 1977 2051 2044 quicunque
2073 1983 2262 2030 sunt—

467 2071 570 2105 non
593 2059 716 2106 sunt
737 2055 874 2105 enim
890 2056 1023 2104 oerte
1042 2056 1107 2104 ut
1127 2051 1450 2119 appellantur
1472 2052 1607 2104 boni.
1682 2055 1813 2116 (Att.
1837 2055 1905 2105 ix.
1930 2059 2010 2117 2a,
2040 2057 2113 2120 3.)

549 2208 638 2287 (4)
683 2210 763 2266 To
783 2209 906 2281 join
933 2209 1136 2266 Caesar
1159 2207 1347 2266 would
1374 2208 1444 2266 be
1470 2207 1917 2270 dishonourable.

549 2361 648 2412 Fae
669 2376 813 2427 posse
833 2364 950 2411 tuto
970 2377 984 2422 3
1015 2359 1170 2411 multi
1192 2361 1330 2410 enim
1349 2360 1635 2412 hortantur.
1693 2361 1835 2412 Num
1851 2362 2006 2412 etiam
2019 2362 2259 2417 honeste?

467 2439 626 2490 Nullo
647 2438 813 2489 modo.
881 2439 1014 2502 (Att.
1043 2438 1131 2487 vii.
1157 2441 1235 2499 22,
1249 2439 1374 2501 fin.)

547 2515 754 2566 Cautior
786 2518 920 2566 eerte
953 2518 1031 2565 est
1061 2515 1293 2576 mansi03
1340 2514 1602 2566 honestior
1645 2515 1967 2568 existimatur
2010 2518 2256 2571 traiectio.

467 2593 604 2643 Malo
637 2591 897 2643 interdum
928 2592 1083 2643 multi
1114 2607 1196 2642 me
1228 2608 1334 2642 non
1366 2595 1526 2655 caute,
1556 2608 1710 2658 quam
1731 2595 1879 2659 pauci
1899 2609 2004 2645 non
2025 2593 2251 2660 honeste,

468 2670 639 2720 fecisse
661 2670 968 2720 existiment.
1037 2669 1171 2731 (Att.
1201 2669 1309 2718 viii.
1338 2671 1417 2730 15,
1446 2670 1515 2729 2.)

550 2746 683 2807 Quid
725 2750 919 2797 rectum
963 2747 1035 2796 sit
1077 2749 1322 2812 apparet3
1378 2745 1503 2811 quid
1547 2745 1783 2812 expediat
1837 2748 2103 2799 obscurum
2158 2755 2249 2802 est.

468 2825 629 2887 (Fam.
653 2841 702 2876 v.
736 2827 814 2887 19,
844 2825 917 2888 2.)

548 2901 630 2952 Ab
663 2901 768 2952 illie
803 2905 882 2952 est
912 2900 1207 2968 perieulum,
1252 2901 1296 2950 si
1326 2915 1562 2966 peecar03
1610 2901 1673 2951 ab
1707 2902 1818 2965 hoo,
1847 2903 1893 2952 si
1924 2907 2058 2954 reete
2081 2903 2254 2957 feeero.

470 2979 600 3040 (Att.
624 2995 673 3029 x,
704 2981 750 3040 8,
779 2979 846 3039 5.)

548 3131 616 3191 V.
665 3131 748 3188 As
818 3131 1008 3191 Cicero
1061 3131 1110 3189 is
1165 3135 1266 3188 not
1318 3131 1478 3190 blind
1533 3137 1594 3189 to
1649 3133 1745 3190 the
1798 3134 2143 3194 wealmesses
2198 3139 2259 3194 of

468 3227 765 3299 Pompeius
805 3227 914 3284 and
960 3228 1044 3284 his
1084 3227 1217 3299 side,
1250 3246 1311 3286 so
1338 3227 1411 3286 he
1438 3229 1639 3302 clearly
1666 3229 1908 3288 discerne
1936 3232 2033 3290 the
2060 3239 2256 3307 strong
