<?xml version="1.0" encoding="UTF-8"?>
<!DOCTYPE html PUBLIC "-//W3C//DTD XHTML 1.0 Transitional//EN"
    "http://www.w3.org/TR/xhtml1/DTD/xhtml1-transitional.dtd">
<html xmlns="http://www.w3.org/1999/xhtml" xml:lang="en" lang="en">
 <head>
  <title>
</title>
<meta http-equiv="Content-Type" content="text/html;charset=utf-8" />
  <meta name='ocr-system' content='tesseract 3.04.00' />
  <meta name='ocr-capabilities' content='ocr_page ocr_carea ocr_par ocr_line ocrx_word'/>
</head>
<body>
  <div class='ocr_page' id='page_1' title='image "./ciceroinhislett01tyrrgoog_0208.png"; bbox 0 0 2434 3734; ppageno 0'>
   <div class='ocr_carea' id='block_1_1' title="bbox 395 228 1559 311">
    <p class='ocr_par' dir='ltr' id='par_1_1' title="bbox 395 228 1559 311">
     <span class='ocr_line' id='line_1_1' title="bbox 395 228 1559 311; baseline -0.005 -15"><span class='ocrx_word' id='word_1_1' title='bbox 395 248 459 297; x_wconf 81' lang='lat' dir='ltr'><strong>ss</strong></span> <span class='ocrx_word' id='word_1_2' title='bbox 1022 241 1077 291; x_wconf 85' lang='lat' dir='ltr'><strong>L.</strong></span> <span class='ocrx_word' id='word_1_3' title='bbox 1117 230 1300 311; x_wconf 68' lang='grc' dir='ltr'>(ΕΔΜ.</span> <span class='ocrx_word' id='word_1_4' title='bbox 1342 241 1431 291; x_wconf 82' lang='lat' dir='ltr'><strong>lx.</strong></span> <span class='ocrx_word' id='word_1_5' title='bbox 1471 228 1559 309; x_wconf 87' lang='lat'><strong>18)</strong></span> 
     </span>
    </p>
   </div>
   <div class='ocr_carea' id='block_1_2' title="bbox 755 459 1813 541">
    <p class='ocr_par' dir='ltr' id='par_1_2' title="bbox 755 459 1813 541">
     <span class='ocr_line' id='line_1_2' title="bbox 755 459 1813 541; baseline -0.001 -20"><span class='ocrx_word' id='word_1_6' title='bbox 755 466 818 522; x_wconf 88' lang='lat' dir='ltr'><strong>L.</strong></span> <span class='ocrx_word' id='word_1_7' title='bbox 867 465 963 522; x_wconf 78' lang='lat' dir='ltr'><strong>&#39;ro</strong></span> <span class='ocrx_word' id='word_1_8' title='bbox 1008 464 1311 523; x_wconf 77' lang='lat' dir='ltr'><strong>PAETUs</strong></span> <span class='ocrx_word' id='word_1_9' title='bbox 1357 462 1535 541; x_wconf 66' lang='lat' dir='ltr'><strong>(rm.</strong></span> <span class='ocrx_word' id='word_1_10' title='bbox 1578 480 1663 521; x_wconf 64' lang='grc' dir='ltr'><strong>ιχ.</strong></span> <span class='ocrx_word' id='word_1_11' title='bbox 1714 459 1813 539; x_wconf 84' lang='grc'>18)</span> 
     </span>
    </p>
   </div>
   <div class='ocr_carea' id='block_1_3' title="bbox 479 616 2085 678">
    <p class='ocr_par' dir='ltr' id='par_1_3' title="bbox 479 616 2085 678">
     <span class='ocr_line' id='line_1_3' title="bbox 479 616 2085 678; baseline -0.002 -11"><span class='ocrx_word' id='word_1_12' title='bbox 479 619 939 678; x_wconf 78' lang='lat' dir='ltr'>TUSCULANUM,</span> <span class='ocrx_word' id='word_1_13' title='bbox 980 619 1170 667; x_wconf 83' lang='lat' dir='ltr'><strong>A.U.c.</strong></span> <span class='ocrx_word' id='word_1_14' title='bbox 1210 616 1305 669; x_wconf 90' lang='grc'><strong>708</strong></span> <span class='ocrx_word' id='word_1_15' title='bbox 1327 634 1340 678; x_wconf 92' lang='lat'>;</span> <span class='ocrx_word' id='word_1_16' title='bbox 1385 618 1503 666; x_wconf 73' lang='lat' dir='ltr'><strong>Ro,</strong></span> <span class='ocrx_word' id='word_1_17' title='bbox 1544 618 1640 676; x_wconf 78' lang='lat'><strong>463</strong></span> <span class='ocrx_word' id='word_1_18' title='bbox 1684 618 1823 665; x_wconf 78' lang='lat' dir='ltr'><strong>AET.</strong></span> <span class='ocrx_word' id='word_1_19' title='bbox 1864 617 1986 665; x_wconf 80' lang='lat'><strong>010.</strong></span> <span class='ocrx_word' id='word_1_20' title='bbox 2024 616 2085 663; x_wconf 87' lang='grc'><strong>60</strong></span> 
     </span>
    </p>
   </div>
   <div class='ocr_carea' id='block_1_4' title="bbox 393 754 2189 893">
    <p class='ocr_par' dir='ltr' id='par_1_4' title="bbox 393 754 2189 893">
     <span class='ocr_line' id='line_1_4' title="bbox 475 754 2189 815; baseline -0.004 -10"><span class='ocrx_word' id='word_1_21' title='bbox 475 758 543 805; x_wconf 87' lang='grc' dir='ltr'><strong>Μ.</strong></span> <span class='ocrx_word' id='word_1_22' title='bbox 583 757 746 804; x_wconf 81' lang='lat' dir='ltr'><strong>Cicero</strong></span> <span class='ocrx_word' id='word_1_23' title='bbox 789 770 954 803; x_wconf 81' lang='lat' dir='ltr'><strong>causas</strong></span> <span class='ocrx_word' id='word_1_24' title='bbox 997 756 1196 815; x_wconf 78' lang='lat' dir='ltr'><strong>exponit</strong></span> <span class='ocrx_word' id='word_1_25' title='bbox 1242 756 1297 803; x_wconf 89' lang='lat' dir='ltr'><strong>L.</strong></span> <span class='ocrx_word' id='word_1_26' title='bbox 1346 755 1538 815; x_wconf 90' lang='lat' dir='ltr'><strong>Papirio</strong></span> <span class='ocrx_word' id='word_1_27' title='bbox 1582 768 1667 801; x_wconf 91' lang='lat' dir='ltr'><strong>cur</strong></span> <span class='ocrx_word' id='word_1_28' title='bbox 1710 755 1829 801; x_wconf 87' lang='lat' dir='ltr'><strong>alios</strong></span> <span class='ocrx_word' id='word_1_29' title='bbox 1872 754 2189 801; x_wconf 86' lang='lat' dir='ltr'><strong>declamando</strong></span> 
     </span>
     <span class='ocr_line' id='line_1_5' title="bbox 393 832 1854 893; baseline -0.003 -9"><span class='ocrx_word' id='word_1_30' title='bbox 393 849 606 885; x_wconf 87' lang='lat' dir='ltr'><strong>exercere</strong></span> <span class='ocrx_word' id='word_1_31' title='bbox 629 834 852 893; x_wconf 86' lang='lat' dir='ltr'><strong>coeperit.</strong></span> <span class='ocrx_word' id='word_1_32' title='bbox 922 834 1046 879; x_wconf 84' lang='lat' dir='ltr'><strong>Tum</strong></span> <span class='ocrx_word' id='word_1_33' title='bbox 1067 834 1255 880; x_wconf 86' lang='lat' dir='ltr'><strong>iocatur</strong></span> <span class='ocrx_word' id='word_1_34' title='bbox 1276 832 1337 879; x_wconf 86' lang='lat' dir='ltr'><strong>de</strong></span> <span class='ocrx_word' id='word_1_35' title='bbox 1360 847 1582 882; x_wconf 84' lang='lat' dir='ltr'><strong>cenarum</strong></span> <span class='ocrx_word' id='word_1_36' title='bbox 1607 836 1854 893; x_wconf 88' lang='lat' dir='ltr'><strong>apparatu.</strong></span> 
     </span>
    </p>
   </div>
   <div class='ocr_carea' id='block_1_5' title="bbox 393 970 2196 3283">
    <p class='ocr_par' dir='ltr' id='par_1_5' title="bbox 393 970 2196 3283">
     <span class='ocr_line' id='line_1_6' title="bbox 498 970 2190 1044; baseline -0.001 -14"><span class='ocrx_word' id='word_1_37' title='bbox 498 973 548 1031; x_wconf 95' lang='lat'><strong>1.</strong></span> <span class='ocrx_word' id='word_1_38' title='bbox 595 971 738 1030; x_wconf 84' lang='lat' dir='ltr'><strong>Oum</strong></span> <span class='ocrx_word' id='word_1_39' title='bbox 779 988 953 1029; x_wconf 87' lang='lat' dir='ltr'><strong>essem</strong></span> <span class='ocrx_word' id='word_1_40' title='bbox 995 971 1202 1027; x_wconf 86' lang='lat' dir='ltr'><strong>otiosus</strong></span> <span class='ocrx_word' id='word_1_41' title='bbox 1246 971 1304 1026; x_wconf 93' lang='lat' dir='ltr'><strong>in</strong></span> <span class='ocrx_word' id='word_1_42' title='bbox 1346 970 1671 1043; x_wconf 81' lang='lat' dir='ltr'><strong>TusculanO,</strong></span> <span class='ocrx_word' id='word_1_43' title='bbox 1708 974 1997 1044; x_wconf 89' lang='lat' dir='ltr'><strong>propterea</strong></span> <span class='ocrx_word' id='word_1_44' title='bbox 2036 972 2190 1043; x_wconf 89' lang='lat' dir='ltr'><strong>quod</strong></span> 
     </span>
     <span class='ocr_line' id='line_1_7' title="bbox 393 1067 2191 1143; baseline -0.002 -14"><span class='ocrx_word' id='word_1_45' title='bbox 393 1070 690 1143; x_wconf 88' lang='lat' dir='ltr'><strong>discipulos</strong></span> <span class='ocrx_word' id='word_1_46' title='bbox 729 1068 800 1126; x_wconf 90' lang='lat' dir='ltr'><strong>ob</strong></span> <span class='ocrx_word' id='word_1_47' title='bbox 827 1069 978 1125; x_wconf 82' lang='lat' dir='ltr'><strong>viam</strong></span> <span class='ocrx_word' id='word_1_48' title='bbox 1007 1068 1281 1139; x_wconf 81' lang='lat' dir='ltr'><strong>miseram,</strong></span> <span class='ocrx_word' id='word_1_49' title='bbox 1313 1072 1379 1124; x_wconf 91' lang='lat' dir='ltr'><strong>ut</strong></span> <span class='ocrx_word' id='word_1_50' title='bbox 1406 1067 1598 1125; x_wconf 84' lang='lat' dir='ltr'><strong>eadem</strong></span> <span class='ocrx_word' id='word_1_51' title='bbox 1626 1084 1715 1125; x_wconf 91' lang='lat' dir='ltr'><strong>me</strong></span> <span class='ocrx_word' id='word_1_52' title='bbox 1741 1085 1907 1140; x_wconf 86' lang='lat' dir='ltr'><strong>quam</strong></span> <span class='ocrx_word' id='word_1_53' title='bbox 1945 1070 2191 1127; x_wconf 85' lang='lat' dir='ltr'><strong>maxime</strong></span> 
     </span>
     <span class='ocr_line' id='line_1_8' title="bbox 393 1165 2189 1239; baseline -0.001 -13"><span class='ocrx_word' id='word_1_54' title='bbox 393 1168 746 1227; x_wconf 86' lang='lat' dir='ltr'><strong>conciliarent</strong></span> <span class='ocrx_word' id='word_1_55' title='bbox 788 1165 1048 1223; x_wconf 78' lang='lat' dir='ltr'><strong>familiari</strong></span> <span class='ocrx_word' id='word_1_56' title='bbox 1075 1184 1190 1239; x_wconf 90' lang='lat' dir='ltr'><strong>suo,</strong></span> <span class='ocrx_word' id='word_1_57' title='bbox 1225 1166 1408 1237; x_wconf 87' lang='lat' dir='ltr'><strong>accepi</strong></span> <span class='ocrx_word' id='word_1_58' title='bbox 1435 1170 1577 1222; x_wconf 82' lang='lat' dir='ltr'><strong>tuas·</strong></span> <span class='ocrx_word' id='word_1_59' title='bbox 1594 1165 1811 1223; x_wconf 76' lang='lat' dir='ltr'><strong>litteras</strong></span> <span class='ocrx_word' id='word_1_60' title='bbox 1838 1166 2189 1238; x_wconf 88' lang='lat' dir='ltr'><strong>plenissimas</strong></span> 
     </span>
     <span class='ocr_line' id='line_1_9' title="bbox 393 1262 2184 1337; baseline -0.002 -13"><span class='ocrx_word' id='word_1_61' title='bbox 393 1265 705 1337; x_wconf 87' lang='lat' dir='ltr'><strong>suavitatis,</strong></span> <span class='ocrx_word' id='word_1_62' title='bbox 727 1282 796 1321; x_wconf 88' lang='lat' dir='ltr'><strong>ex</strong></span> <span class='ocrx_word' id='word_1_63' title='bbox 816 1263 1016 1337; x_wconf 90' lang='lat' dir='ltr'><strong>quibus</strong></span> <span class='ocrx_word' id='word_1_64' title='bbox 1036 1262 1290 1321; x_wconf 77' lang='lat' dir='ltr'><strong>intellexi</strong></span> <span class='ocrx_word' id='word_1_65' title='bbox 1310 1262 1530 1336; x_wconf 87' lang='lat' dir='ltr'><strong>probari</strong></span> <span class='ocrx_word' id='word_1_66' title='bbox 1546 1262 1653 1321; x_wconf 89' lang='lat' dir='ltr'><strong>tibi</strong></span> <span class='ocrx_word' id='word_1_67' title='bbox 1669 1280 1853 1320; x_wconf 87' lang='lat' dir='ltr'><strong>meum</strong></span> <span class='ocrx_word' id='word_1_68' title='bbox 1875 1264 2184 1335; x_wconf 88' lang='lat' dir='ltr'><strong>consilium,</strong></span> 
     </span>
     <span class='ocr_line' id='line_1_10' title="bbox 393 1344 2184 1438; baseline -0.001 -16"><span class='ocrx_word' id='word_1_69' title='bbox 393 1364 556 1438; x_wconf 88' lang='lat' dir='ltr'><strong>quod,</strong></span> <span class='ocrx_word' id='word_1_70' title='bbox 589 1344 670 1421; x_wconf 54' lang='lat' dir='ltr'><strong>ut⁶</strong></span> <span class='ocrx_word' id='word_1_71' title='bbox 690 1362 990 1435; x_wconf 80' lang='lat' dir='ltr'><strong>Dionysius</strong></span> <span class='ocrx_word' id='word_1_72' title='bbox 1019 1366 1302 1433; x_wconf 82' lang='lat' dir='ltr'><strong>tyrannus,</strong></span> <span class='ocrx_word' id='word_1_73' title='bbox 1336 1379 1462 1418; x_wconf 90' lang='lat' dir='ltr'><strong>cum</strong></span> <span class='ocrx_word' id='word_1_74' title='bbox 1492 1360 1774 1432; x_wconf 80' lang='lat' dir='ltr'><strong>Syracusis</strong></span> <span class='ocrx_word' id='word_1_75' title='bbox 1800 1361 1993 1433; x_wconf 88' lang='lat' dir='ltr'><strong>pulsus</strong></span> <span class='ocrx_word' id='word_1_76' title='bbox 2020 1368 2184 1435; x_wconf 88' lang='lat' dir='ltr'><strong>esset,</strong></span> 
     </span>
     <span class='ocr_line' id='line_1_11' title="bbox 397 1457 2189 1532; baseline -0.001 -13"><span class='ocrx_word' id='word_1_77' title='bbox 397 1461 652 1520; x_wconf 79' lang='lat' dir='ltr'><strong>Corinthi</strong></span> <span class='ocrx_word' id='word_1_78' title='bbox 679 1459 880 1517; x_wconf 84' lang='lat' dir='ltr'><strong>dieitur</strong></span> <span class='ocrx_word' id='word_1_79' title='bbox 920 1459 1116 1516; x_wconf 90' lang='lat' dir='ltr'><strong>ludum</strong></span> <span class='ocrx_word' id='word_1_80' title='bbox 1143 1459 1435 1532; x_wconf 86' lang='lat' dir='ltr'><strong>aperuisse,</strong></span> <span class='ocrx_word' id='word_1_81' title='bbox 1468 1459 1548 1516; x_wconf 90' lang='lat' dir='ltr'><strong>sic</strong></span> <span class='ocrx_word' id='word_1_82' title='bbox 1574 1476 1674 1531; x_wconf 88' lang='lat' dir='ltr'><strong>ego</strong></span> <span class='ocrx_word' id='word_1_83' title='bbox 1705 1457 1941 1516; x_wconf 86' lang='lat' dir='ltr'><strong>sublatis</strong></span> <span class='ocrx_word' id='word_1_84' title='bbox 1967 1460 2189 1517; x_wconf 87' lang='lat' dir='ltr'><strong>iudiciis</strong></span> 
     </span>
     <span class='ocr_line' id='line_1_12' title="bbox 393 1556 2184 1630; baseline 0 -13"><span class='ocrx_word' id='word_1_85' title='bbox 393 1559 594 1617; x_wconf 88' lang='lat' dir='ltr'><strong>amisso</strong></span> <span class='ocrx_word' id='word_1_86' title='bbox 636 1575 802 1630; x_wconf 84' lang='lat' dir='ltr'><strong>regno</strong></span> <span class='ocrx_word' id='word_1_87' title='bbox 842 1557 1047 1615; x_wconf 88' lang='lat' dir='ltr'><strong>forensi</strong></span> <span class='ocrx_word' id='word_1_88' title='bbox 1085 1556 1283 1614; x_wconf 91' lang='lat' dir='ltr'><strong>ludum</strong></span> <span class='ocrx_word' id='word_1_89' title='bbox 1316 1558 1474 1630; x_wconf 84' lang='lat' dir='ltr'><strong>quasi</strong></span> <span class='ocrx_word' id='word_1_90' title='bbox 1513 1556 1714 1614; x_wconf 88' lang='lat' dir='ltr'><strong>habere</strong></span> <span class='ocrx_word' id='word_1_91' title='bbox 1754 1558 2039 1630; x_wconf 84' lang='lat' dir='ltr'><strong>coeperim.</strong></span> <span class='ocrx_word' id='word_1_92' title='bbox 2128 1560 2184 1617; x_wconf 84' lang='lat'><strong>2.</strong></span> 
     </span>
     <span class='ocr_line' id='line_1_13' title="bbox 395 1653 2191 1729; baseline -0.001 -15"><span class='ocrx_word' id='word_1_93' title='bbox 395 1658 544 1728; x_wconf 77' lang='lat' dir='ltr'><strong>Quid</strong></span> <span class='ocrx_word' id='word_1_94' title='bbox 599 1655 854 1729; x_wconf 78' lang='lat' dir='ltr'><strong>quaeris?</strong></span> <span class='ocrx_word' id='word_1_95' title='bbox 912 1672 1002 1712; x_wconf 92' lang='lat' dir='ltr'><strong>me</strong></span> <span class='ocrx_word' id='word_1_96' title='bbox 1057 1662 1275 1727; x_wconf 83' lang='lat' dir='ltr'><strong>quoque</strong></span> <span class='ocrx_word' id='word_1_97' title='bbox 1329 1653 1568 1712; x_wconf 89' lang='lat' dir='ltr'><strong>delectat</strong></span> <span class='ocrx_word' id='word_1_98' title='bbox 1622 1654 1945 1713; x_wconf 86' lang='lat' dir='ltr'><strong>consilium:</strong></span> <span class='ocrx_word' id='word_1_99' title='bbox 2007 1656 2191 1713; x_wconf 91' lang='lat' dir='ltr'><strong>multa</strong></span> 
     </span>
     <span class='ocr_line' id='line_1_14' title="bbox 394 1752 2191 1827; baseline -0.001 -14"><span class='ocrx_word' id='word_1_100' title='bbox 394 1756 542 1813; x_wconf 88' lang='lat' dir='ltr'><strong>enim</strong></span> <span class='ocrx_word' id='word_1_101' title='bbox 589 1770 922 1826; x_wconf 87' lang='lat' dir='ltr'><strong>consequor:</strong></span> <span class='ocrx_word' id='word_1_102' title='bbox 970 1754 1228 1825; x_wconf 91' lang='lat' dir='ltr'><strong>primum,</strong></span> <span class='ocrx_word' id='word_1_103' title='bbox 1274 1752 1335 1808; x_wconf 86' lang='lat' dir='ltr'><strong>id</strong></span> <span class='ocrx_word' id='word_1_104' title='bbox 1381 1752 1529 1825; x_wconf 90' lang='lat' dir='ltr'><strong>quod</strong></span> <span class='ocrx_word' id='word_1_105' title='bbox 1572 1753 1808 1809; x_wconf 81' lang='lat' dir='ltr'><strong>maxime</strong></span> <span class='ocrx_word' id='word_1_106' title='bbox 1856 1770 2003 1810; x_wconf 92' lang='lat' dir='ltr'><strong>nunc</strong></span> <span class='ocrx_word' id='word_1_107' title='bbox 2051 1772 2191 1827; x_wconf 90' lang='lat' dir='ltr'><strong>opus</strong></span> 
     </span>
     <span class='ocr_line' id='line_1_15' title="bbox 394 1850 2191 1925; baseline -0.001 -15"><span class='ocrx_word' id='word_1_108' title='bbox 394 1857 495 1925; x_wconf 87' lang='lat' dir='ltr'><strong>est,</strong></span> <span class='ocrx_word' id='word_1_109' title='bbox 542 1852 730 1909; x_wconf 92' lang='lat' dir='ltr'><strong>munio</strong></span> <span class='ocrx_word' id='word_1_110' title='bbox 785 1868 874 1908; x_wconf 89' lang='lat' dir='ltr'><strong>me</strong></span> <span class='ocrx_word' id='word_1_111' title='bbox 920 1850 993 1907; x_wconf 86' lang='lat' dir='ltr'><strong>ad</strong></span> <span class='ocrx_word' id='word_1_112' title='bbox 1047 1850 1182 1908; x_wconf 88' lang='lat' dir='ltr'><strong>haec</strong></span> <span class='ocrx_word' id='word_1_113' title='bbox 1237 1854 1497 1923; x_wconf 69' lang='lat' dir='ltr'><strong>tempora</strong></span> <span class='ocrx_word' id='word_1_114' title='bbox 1588 1850 1659 1906; x_wconf 89' lang='lat' dir='ltr'><strong>Id</strong></span> <span class='ocrx_word' id='word_1_115' title='bbox 1711 1851 1865 1907; x_wconf 89' lang='lat' dir='ltr'><strong>cuius</strong></span> <span class='ocrx_word' id='word_1_116' title='bbox 1914 1851 2065 1908; x_wconf 89' lang='lat' dir='ltr'><strong>modi</strong></span> <span class='ocrx_word' id='word_1_117' title='bbox 2112 1853 2191 1909; x_wconf 89' lang='lat' dir='ltr'><strong>sit</strong></span> 
     </span>
     <span class='ocr_line' id='line_1_16' title="bbox 395 1946 2193 2019; baseline 0 -12"><span class='ocrx_word' id='word_1_118' title='bbox 395 1950 610 2009; x_wconf 88' lang='lat' dir='ltr'><strong>nescio:</strong></span> <span class='ocrx_word' id='word_1_119' title='bbox 654 1953 875 2006; x_wconf 88' lang='lat' dir='ltr'><strong>tantum</strong></span> <span class='ocrx_word' id='word_1_120' title='bbox 916 1948 1094 2019; x_wconf 84' lang='lat' dir='ltr'><strong>vide0,</strong></span> <span class='ocrx_word' id='word_1_121' title='bbox 1132 1947 1341 2004; x_wconf 90' lang='lat' dir='ltr'><strong>nullius</strong></span> <span class='ocrx_word' id='word_1_122' title='bbox 1381 1946 1562 2004; x_wconf 90' lang='lat' dir='ltr'><strong>adhuc</strong></span> <span class='ocrx_word' id='word_1_123' title='bbox 1603 1948 1889 2005; x_wconf 88' lang='lat' dir='ltr'><strong>consilium</strong></span> <span class='ocrx_word' id='word_1_124' title='bbox 1930 1966 2019 2005; x_wconf 91' lang='lat' dir='ltr'><strong>me</strong></span> <span class='ocrx_word' id='word_1_125' title='bbox 2059 1948 2193 2007; x_wconf 90' lang='lat' dir='ltr'><strong>huic</strong></span> 
     </span>
     <span class='ocr_line' id='line_1_17' title="bbox 395 2044 2187 2121; baseline -0.001 -16"><span class='ocrx_word' id='word_1_126' title='bbox 395 2052 740 2121; x_wconf 79' lang='lat' dir='ltr'><strong>anteponere,</strong></span> <span class='ocrx_word' id='word_1_127' title='bbox 771 2046 880 2102; x_wconf 89' lang='lat' dir='ltr'><strong>nisi</strong></span> <span class='ocrx_word' id='word_1_128' title='bbox 907 2044 1049 2102; x_wconf 90' lang='lat' dir='ltr'><strong>forte</strong></span> <span class='ocrx_word' id='word_1_129' title='bbox 1079 2046 1218 2102; x_wconf 91' lang='lat' dir='ltr'><strong>mori</strong></span> <span class='ocrx_word' id='word_1_130' title='bbox 1246 2044 1443 2101; x_wconf 92' lang='lat' dir='ltr'><strong>melius</strong></span> <span class='ocrx_word' id='word_1_131' title='bbox 1472 2046 1616 2102; x_wconf 89' lang='lat' dir='ltr'><strong>fuit:</strong></span> <span class='ocrx_word' id='word_1_132' title='bbox 1659 2046 1717 2101; x_wconf 92' lang='lat' dir='ltr'><strong>in</strong></span> <span class='ocrx_word' id='word_1_133' title='bbox 1744 2044 1963 2116; x_wconf 91' lang='lat' dir='ltr'><strong>lectulo,</strong></span> <span class='ocrx_word' id='word_1_134' title='bbox 1991 2047 2187 2119; x_wconf 86' lang='lat' dir='ltr'><strong>fateor,</strong></span> 
     </span>
     <span class='ocr_line' id='line_1_18' title="bbox 394 2142 2187 2217; baseline -0.001 -14"><span class='ocrx_word' id='word_1_135' title='bbox 394 2146 492 2203; x_wconf 88' lang='lat' dir='ltr'><strong>sed</strong></span> <span class='ocrx_word' id='word_1_136' title='bbox 551 2163 662 2201; x_wconf 92' lang='lat' dir='ltr'><strong>non</strong></span> <span class='ocrx_word' id='word_1_137' title='bbox 726 2143 959 2201; x_wconf 88' lang='lat' dir='ltr'><strong>accidit:</strong></span> <span class='ocrx_word' id='word_1_138' title='bbox 1029 2144 1087 2200; x_wconf 92' lang='lat' dir='ltr'><strong>in</strong></span> <span class='ocrx_word' id='word_1_139' title='bbox 1148 2143 1263 2199; x_wconf 83' lang='lat' dir='ltr'><strong>acie</strong></span> <span class='ocrx_word' id='word_1_140' title='bbox 1294 2159 1437 2201; x_wconf 76' lang='lat' dir='ltr'><strong>,non</strong></span> <span class='ocrx_word' id='word_1_141' title='bbox 1507 2142 1604 2200; x_wconf 90' lang='lat' dir='ltr'><strong>fui.</strong></span> <span class='ocrx_word' id='word_1_142' title='bbox 1692 2142 1877 2199; x_wconf 83' lang='lat' dir='ltr'><strong>Ceteri</strong></span> <span class='ocrx_word' id='word_1_143' title='bbox 1944 2144 2187 2217; x_wconf 89' lang='lat' dir='ltr'><strong>quidem,</strong></span> 
     </span>
     <span class='ocr_line' id='line_1_19' title="bbox 397 2238 2188 2315; baseline 0.001 -16"><span class='ocrx_word' id='word_1_144' title='bbox 397 2242 710 2315; x_wconf 89' lang='lat' dir='ltr'><strong>Pompeius,</strong></span> <span class='ocrx_word' id='word_1_145' title='bbox 735 2240 1008 2299; x_wconf 77' lang='lat' dir='ltr'><strong>Lentulus</strong></span> <span class='ocrx_word' id='word_1_146' title='bbox 1029 2246 1176 2312; x_wconf 87' lang='lat' dir='ltr'><strong>tuus,</strong></span> <span class='ocrx_word' id='word_1_147' title='bbox 1204 2238 1403 2313; x_wconf 81' lang='lat' dir='ltr'><strong>ScipiO,</strong></span> <span class='ocrx_word' id='word_1_148' title='bbox 1424 2238 1688 2297; x_wconf 75' lang='lat' dir='ltr'><strong>Afranius</strong></span> <span class='ocrx_word' id='word_1_149' title='bbox 1710 2239 1867 2298; x_wconf 90' lang='lat' dir='ltr'><strong>foede</strong></span> <span class='ocrx_word' id='word_1_150' title='bbox 1886 2242 2188 2313; x_wconf 90' lang='lat' dir='ltr'><strong>perierunt.</strong></span> 
     </span>
     <span class='ocr_line' id='line_1_20' title="bbox 397 2336 2188 2413; baseline 0.001 -18"><span class='ocrx_word' id='word_1_151' title='bbox 397 2339 558 2397; x_wconf 83' lang='lat' dir='ltr'><strong>——At</strong></span> <span class='ocrx_word' id='word_1_152' title='bbox 602 2338 743 2397; x_wconf 84' lang='lat' dir='ltr'><strong>Oato</strong></span> <span class='ocrx_word' id='word_1_153' title='bbox 769 2336 1272 2411; x_wconf 69' lang='lat' dir='ltr'><strong>praeclare—Iam</strong></span> <span class='ocrx_word' id='word_1_154' title='bbox 1312 2338 1458 2394; x_wconf 88' lang='lat' dir='ltr'><strong>istuc</strong></span> <span class='ocrx_word' id='word_1_155' title='bbox 1495 2337 1733 2409; x_wconf 90' lang='lat' dir='ltr'><strong>quidem,</strong></span> <span class='ocrx_word' id='word_1_156' title='bbox 1766 2355 1893 2395; x_wconf 89' lang='lat' dir='ltr'><strong>cum</strong></span> <span class='ocrx_word' id='word_1_157' title='bbox 1920 2339 2188 2413; x_wconf 86' lang='lat' dir='ltr'><strong>volemus,</strong></span> 
     </span>
     <span class='ocr_line' id='line_1_21' title="bbox 396 2436 2195 2509; baseline 0.001 -16"><span class='ocrx_word' id='word_1_158' title='bbox 396 2437 620 2495; x_wconf 79' lang='lat' dir='ltr'><strong>licebit:</strong></span> <span class='ocrx_word' id='word_1_159' title='bbox 671 2436 864 2494; x_wconf 90' lang='lat' dir='ltr'><strong>demus</strong></span> <span class='ocrx_word' id='word_1_160' title='bbox 908 2436 1072 2493; x_wconf 90' lang='lat' dir='ltr'><strong>modo</strong></span> <span class='ocrx_word' id='word_1_161' title='bbox 1116 2453 1338 2509; x_wconf 89' lang='lat' dir='ltr'><strong>operam</strong></span> <span class='ocrx_word' id='word_1_162' title='bbox 1382 2452 1452 2492; x_wconf 87' lang='lat' dir='ltr'><strong>ne</strong></span> <span class='ocrx_word' id='word_1_163' title='bbox 1496 2440 1614 2491; x_wconf 88' lang='lat' dir='ltr'><strong>tam</strong></span> <span class='ocrx_word' id='word_1_164' title='bbox 1656 2452 1873 2492; x_wconf 87' lang='lat' dir='ltr'><strong>neeesse</strong></span> <span class='ocrx_word' id='word_1_165' title='bbox 1914 2436 2074 2493; x_wconf 92' lang='lat' dir='ltr'><strong>nobis</strong></span> <span class='ocrx_word' id='word_1_166' title='bbox 2114 2437 2195 2495; x_wconf 88' lang='lat' dir='ltr'><strong>sit</strong></span> 
     </span>
     <span class='ocr_line' id='line_1_22' title="bbox 398 2531 2189 2608; baseline 0 -16"><span class='ocrx_word' id='word_1_167' title='bbox 398 2552 564 2608; x_wconf 85' lang='lat' dir='ltr'><strong>quam</strong></span> <span class='ocrx_word' id='word_1_168' title='bbox 605 2532 689 2590; x_wconf 93' lang='lat' dir='ltr'><strong>illi</strong></span> <span class='ocrx_word' id='word_1_169' title='bbox 730 2533 874 2591; x_wconf 87' lang='lat' dir='ltr'><strong>fuit:</strong></span> <span class='ocrx_word' id='word_1_170' title='bbox 917 2533 976 2590; x_wconf 89' lang='lat' dir='ltr'><strong>id</strong></span> <span class='ocrx_word' id='word_1_171' title='bbox 1017 2532 1165 2606; x_wconf 90' lang='lat' dir='ltr'><strong>quod</strong></span> <span class='ocrx_word' id='word_1_172' title='bbox 1207 2532 1435 2605; x_wconf 84' lang='lat' dir='ltr'><strong>agimus.</strong></span> <span class='ocrx_word' id='word_1_173' title='bbox 1528 2531 1577 2589; x_wconf 89' lang='lat'><strong>3.</strong></span> <span class='ocrx_word' id='word_1_174' title='bbox 1625 2532 1773 2603; x_wconf 86' lang='lat' dir='ltr'><strong>Ergo</strong></span> <span class='ocrx_word' id='word_1_175' title='bbox 1799 2531 1901 2589; x_wconf 89' lang='lat' dir='ltr'><strong>hoe</strong></span> <span class='ocrx_word' id='word_1_176' title='bbox 1928 2534 2189 2605; x_wconf 89' lang='lat' dir='ltr'><strong>primum.</strong></span> 
     </span>
     <span class='ocr_line' id='line_1_23' title="bbox 400 2627 2189 2704; baseline -0.001 -15"><span class='ocrx_word' id='word_1_177' title='bbox 400 2630 662 2704; x_wconf 86' lang='lat' dir='ltr'><strong>Sequitur</strong></span> <span class='ocrx_word' id='word_1_178' title='bbox 721 2630 896 2687; x_wconf 87' lang='lat' dir='ltr'><strong>illud:</strong></span> <span class='ocrx_word' id='word_1_179' title='bbox 961 2630 1077 2701; x_wconf 90' lang='lat' dir='ltr'><strong>ipse</strong></span> <span class='ocrx_word' id='word_1_180' title='bbox 1139 2628 1334 2685; x_wconf 90' lang='lat' dir='ltr'><strong>melior</strong></span> <span class='ocrx_word' id='word_1_181' title='bbox 1385 2627 1495 2685; x_wconf 87' lang='lat' dir='ltr'><strong>fio:</strong></span> <span class='ocrx_word' id='word_1_182' title='bbox 1556 2628 1797 2700; x_wconf 89' lang='lat' dir='ltr'><strong>primum</strong></span> <span class='ocrx_word' id='word_1_183' title='bbox 1850 2629 2189 2703; x_wconf 87' lang='lat' dir='ltr'><strong>valetudine,</strong></span> 
     </span>
     <span class='ocr_line' id='line_1_24' title="bbox 399 2725 2195 2801; baseline 0 -16"><span class='ocrx_word' id='word_1_184' title='bbox 399 2746 565 2801; x_wconf 89' lang='lat' dir='ltr'><strong>quam</strong></span> <span class='ocrx_word' id='word_1_185' title='bbox 632 2728 962 2785; x_wconf 77' lang='lat' dir='ltr'><strong>intermissis</strong></span> <span class='ocrx_word' id='word_1_186' title='bbox 1031 2725 1520 2784; x_wconf 83' lang='lat' dir='ltr'><strong>exercitationibus</strong></span> <span class='ocrx_word' id='word_1_187' title='bbox 1595 2726 1921 2785; x_wconf 87' lang='lat' dir='ltr'><strong>amiseram:</strong></span> <span class='ocrx_word' id='word_1_188' title='bbox 1993 2726 2195 2785; x_wconf 87' lang='lat' dir='ltr'><strong>deinde</strong></span> 
     </span>
     <span class='ocr_line' id='line_1_25' title="bbox 399 2822 2195 2898; baseline 0 -17"><span class='ocrx_word' id='word_1_189' title='bbox 399 2827 520 2898; x_wconf 86' lang='lat' dir='ltr'><strong>ipsa</strong></span> <span class='ocrx_word' id='word_1_190' title='bbox 571 2824 684 2894; x_wconf 84' lang='lat' dir='ltr'><strong>illa,</strong></span> <span class='ocrx_word' id='word_1_191' title='bbox 736 2825 786 2881; x_wconf 88' lang='lat' dir='ltr'><strong>si</strong></span> <span class='ocrx_word' id='word_1_192' title='bbox 838 2842 949 2896; x_wconf 88' lang='lat' dir='ltr'><strong>qua</strong></span> <span class='ocrx_word' id='word_1_193' title='bbox 1001 2824 1112 2879; x_wconf 87' lang='lat' dir='ltr'><strong>fuit</strong></span> <span class='ocrx_word' id='word_1_194' title='bbox 1178 2825 1237 2879; x_wconf 93' lang='lat' dir='ltr'><strong>in</strong></span> <span class='ocrx_word' id='word_1_195' title='bbox 1293 2841 1398 2893; x_wconf 93' lang='lat' dir='ltr'><strong>me,</strong></span> <span class='ocrx_word' id='word_1_196' title='bbox 1455 2822 1690 2879; x_wconf 85' lang='lat' dir='ltr'><strong>facultas</strong></span> <span class='ocrx_word' id='word_1_197' title='bbox 1750 2823 2029 2895; x_wconf 90' lang='lat' dir='ltr'><strong>orationis,</strong></span> <span class='ocrx_word' id='word_1_198' title='bbox 2083 2825 2195 2881; x_wconf 87' lang='lat' dir='ltr'><strong>nisi</strong></span> 
     </span>
     <span class='ocr_line' id='line_1_26' title="bbox 399 2920 2196 2992; baseline 0.001 -14"><span class='ocrx_word' id='word_1_199' title='bbox 399 2940 487 2979; x_wconf 90' lang='lat' dir='ltr'><strong>me</strong></span> <span class='ocrx_word' id='word_1_200' title='bbox 536 2922 608 2978; x_wconf 79' lang='lat' dir='ltr'><strong>ad</strong></span> <span class='ocrx_word' id='word_1_201' title='bbox 654 2921 756 2978; x_wconf 89' lang='lat' dir='ltr'><strong>has</strong></span> <span class='ocrx_word' id='word_1_202' title='bbox 805 2921 1225 2978; x_wconf 82' lang='lat' dir='ltr'><strong>exercitationes</strong></span> <span class='ocrx_word' id='word_1_203' title='bbox 1273 2920 1628 2992; x_wconf 88' lang='lat' dir='ltr'><strong>rettulissem,</strong></span> <span class='ocrx_word' id='word_1_204' title='bbox 1676 2922 1993 2981; x_wconf 84' lang='lat' dir='ltr'><strong>exaruisset.</strong></span> <span class='ocrx_word' id='word_1_205' title='bbox 2081 2922 2196 2979; x_wconf 90' lang='lat' dir='ltr'><strong>Ex-</strong></span> 
     </span>
     <span class='ocr_line' id='line_1_27' title="bbox 399 3017 2193 3091; baseline 0.002 -15"><span class='ocrx_word' id='word_1_206' title='bbox 399 3025 639 3076; x_wconf 91' lang='lat' dir='ltr'><strong>tremum</strong></span> <span class='ocrx_word' id='word_1_207' title='bbox 685 3018 826 3075; x_wconf 83' lang='lat' dir='ltr'><strong>illud</strong></span> <span class='ocrx_word' id='word_1_208' title='bbox 874 3022 976 3089; x_wconf 88' lang='lat' dir='ltr'><strong>est,</strong></span> <span class='ocrx_word' id='word_1_209' title='bbox 1020 3017 1167 3091; x_wconf 88' lang='lat' dir='ltr'><strong>quod</strong></span> <span class='ocrx_word' id='word_1_210' title='bbox 1222 3022 1287 3074; x_wconf 91' lang='lat' dir='ltr'><strong>tu</strong></span> <span class='ocrx_word' id='word_1_211' title='bbox 1340 3018 1521 3075; x_wconf 87' lang='lat' dir='ltr'><strong>nescio</strong></span> <span class='ocrx_word' id='word_1_212' title='bbox 1577 3034 1649 3074; x_wconf 89' lang='lat' dir='ltr'><strong>an</strong></span> <span class='ocrx_word' id='word_1_213' title='bbox 1702 3019 1941 3091; x_wconf 88' lang='lat' dir='ltr'><strong>primum</strong></span> <span class='ocrx_word' id='word_1_214' title='bbox 1989 3024 2193 3091; x_wconf 87' lang='lat' dir='ltr'><strong>putes:</strong></span> 
     </span>
     <span class='ocr_line' id='line_1_28' title="bbox 399 3114 2189 3189; baseline 0.003 -18"><span class='ocrx_word' id='word_1_215' title='bbox 399 3116 583 3189; x_wconf 90' lang='lat' dir='ltr'><strong>plures</strong></span> <span class='ocrx_word' id='word_1_216' title='bbox 623 3116 734 3172; x_wconf 90' lang='lat' dir='ltr'><strong>iam</strong></span> <span class='ocrx_word' id='word_1_217' title='bbox 775 3132 1015 3187; x_wconf 84' lang='lat' dir='ltr'><strong>pavones</strong></span> <span class='ocrx_word' id='word_1_218' title='bbox 1057 3114 1265 3171; x_wconf 90' lang='lat' dir='ltr'><strong>confeci</strong></span> <span class='ocrx_word' id='word_1_219' title='bbox 1304 3132 1472 3188; x_wconf 87' lang='lat' dir='ltr'><strong>quam</strong></span> <span class='ocrx_word' id='word_1_220' title='bbox 1512 3120 1579 3172; x_wconf 93' lang='lat' dir='ltr'><strong>tu</strong></span> <span class='ocrx_word' id='word_1_221' title='bbox 1606 3114 1786 3187; x_wconf 88' lang='lat' dir='ltr'><strong>pullos</strong></span> <span class='ocrx_word' id='word_1_222' title='bbox 1827 3116 2189 3177; x_wconf 88' lang='lat' dir='ltr'><strong>columbinos.</strong></span> 
     </span>
     <span class='ocr_line' id='line_1_29' title="bbox 401 3202 2185 3283; baseline 0.002 -13"><span class='ocrx_word' id='word_1_223' title='bbox 401 3213 488 3270; x_wconf 82' lang='lat' dir='ltr'><strong>Tu</strong></span> <span class='ocrx_word' id='word_1_224' title='bbox 514 3213 640 3269; x_wconf 89' lang='lat' dir='ltr'><strong>istie</strong></span> <span class='ocrx_word' id='word_1_225' title='bbox 669 3216 725 3269; x_wconf 92' lang='lat' dir='ltr'><strong>te</strong></span> <span class='ocrx_word' id='word_1_226' title='bbox 754 3211 1060 3268; x_wconf 85' lang='lat' dir='ltr'><strong>Hateriano</strong></span> <span class='ocrx_word' id='word_1_227' title='bbox 1087 3212 1203 3269; x_wconf 88' lang='lat' dir='ltr'><strong>iure</strong></span> <span class='ocrx_word' id='word_1_228' title='bbox 1243 3212 1497 3282; x_wconf 85' lang='lat' dir='ltr'><strong>delectas,</strong></span> <span class='ocrx_word' id='word_1_229' title='bbox 1529 3230 1629 3283; x_wconf 88' lang='lat' dir='ltr'><strong>ego</strong></span> <span class='ocrx_word' id='word_1_230' title='bbox 1657 3230 1743 3269; x_wconf 92' lang='lat' dir='ltr'><strong>me</strong></span> <span class='ocrx_word' id='word_1_231' title='bbox 1785 3212 1875 3268; x_wconf 85' lang='lat' dir='ltr'><strong>hic</strong></span> <span class='ocrx_word' id='word_1_232' title='bbox 1905 3202 2185 3274; x_wconf 81' lang='lat' dir='ltr'><strong>Hirtiano,</strong></span> 
     </span>
    </p>
   </div>
  </div>
 </body>
</html>
