2434 3734
752 259 966 309 Lxxn.
1006 248 1174 329 (ATT.
1213 260 1353 310 X1v.
1394 246 1481 328 18)
1923 261 2015 309 115

230 430 397 485 quam
425 430 556 470 sane
582 414 754 485 probo
780 414 1005 486 factum,
1031 419 1238 486 tamen,
1258 419 1322 472 ut
1350 412 1508 471 tant’o
1530 432 1689 487 opere
1714 413 2011 486 laudarem,

229 510 503 567 adductus
529 529 654 569 sum
694 512 808 569 tuis
835 515 895 569 et
931 512 1056 569 unis
1085 518 1143 569 et
1170 511 1360 569 alteris
1388 510 1607 569 litteris.
1694 510 1805 569 Sed
1831 515 2014 568 totum

227 626 288 665 se
309 625 344 665 a
363 612 420 665 te
441 608 778 665 abalienavit
805 608 1100 667 Dolabella
1119 610 1309 667 eadem
1337 627 1516 681 causa,
1546 627 1657 682 qua
1682 628 1771 667 me
1799 627 2015 683 quoque

227 705 336 762 sibi
388 706 830 764 inimicissimum
884 706 1141 764 reddidit.
1256 706 1305 763 Ο
1346 705 1625 764 hominem
1678 705 2013 779 pudentem!

227 802 358 860 Kal.
405 803 522 860 Ian.
562 803 790 862 debuit:
834 804 1011 862 adhuc
1053 822 1163 863 non
1199 804 1383 876 solvit,
1428 805 1750 877 praesertim
1791 822 1915 862 cum
1956 823 2015 864 se

225 900 470 957 maximo
490 918 613 957 aere
633 901 813 959 alieno
835 901 1054 959 Faberii
1072 919 1244 958 manu
1270 901 1520 959 liberarit
1544 906 1603 959 et
1622 919 1781 976 opem
1802 902 1875 960 ab
1898 902 2014 976 Ope

225 996 464 1068 petierit.
553 997 709 1056 Licet
753 998 900 1055 enim
954 998 1135 1068 iocari,
1179 1015 1251 1055 ne
1292 1015 1381 1055 me
1420 997 1583 1056 valde
1622 998 2015 1056 conturbatum

226 1096 404 1163 putes.
511 1094 700 1167 Atque
739 1112 841 1167 ego
880 1094 953 1152 ad
993 1112 1122 1153 eum
1161 1110 1273 1152 111.
1323 1093 1458 1152 Idus
1498 1094 1716 1153 litteras
1756 1094 2013 1153 dederam

225 1190 364 1247 bene
391 1208 568 1263 mane,
601 1192 791 1249 eodem
817 1197 1004 1249 autem
1031 1193 1122 1251 die
1162 1197 1290 1251 tuas
1329 1192 1549 1251 litteras
1574 1193 1789 1267 vesperi
1828 1210 2011 1266 accep-

225 1304 376 1345 eram
395 1288 455 1345 in
482 1288 830 1363 Pompeiano,
855 1308 985 1347 sane
1006 1289 1268 1363 celeriter,
1295 1292 1461 1349 tertio
1480 1290 1581 1349 abs
1607 1296 1665 1349 te
1690 1290 1795 1349 die.
1883 1290 2007 1364 Sed,

226 1388 294 1441 ut
319 1384 390 1441 ad
431 1388 489 1442 te
530 1403 594 1443 eo
632 1386 752 1459 ipso
793 1386 884 1445 die
909 1388 1248 1460 scripseram,
1279 1389 1416 1445 satis
1444 1388 1719 1445 aculeatas
1747 1388 1819 1445 ad
1846 1388 2011 1445 Dola-

229 1481 427 1539 bellam
459 1481 674 1540 litteras
711 1482 852 1556 dedi,
885 1501 1026 1556 quae
1064 1486 1112 1542 si
1152 1484 1294 1541 nihil
1333 1485 1675 1557 profecerint,
1719 1490 1856 1557 puto
1897 1484 2012 1542 fore

225 1585 289 1636 ut
331 1596 420 1636 me
459 1584 801 1651 praesentem
838 1597 948 1637 non
988 1581 1276 1639 sustineat.
1364 1583 1415 1640 2.
1461 1580 1764 1638 Albianum
1804 1586 1862 1638 te
1888 1598 2011 1639 con-

225 1676 416 1733 fecisse
453 1675 701 1735 arbitror.
790 1676 878 1733 De
907 1676 1232 1735 Patulciano
1268 1677 1502 1750 nomine,
1533 1677 1681 1750 quod
1706 1676 1847 1734 mihi
1885 1695 2010 1751 sup-
2078 1734 2081 1739 ,

223 1773 470 1846 petiatus
511 1790 582 1845 ee,
627 1773 1004 1845 gratissimum
1045 1779 1132 1831 est
1171 1779 1231 1831 et
1272 1773 1451 1831 simile
1492 1778 1715 1832 tuorum
1742 1774 2003 1833 omnium.

224 1870 336 1929 Sed
377 1888 475 1942 ego
504 1869 728 1927 Erotem
757 1871 828 1928 ad
868 1872 978 1929 ista
1005 1872 1342 1944 expedienda
1365 1871 1577 1929 factum
1603 1871 1741 1929 mihi
1780 1872 2008 1931 videbar

221 1969 520 2042 reliquisse,
553 1968 706 2025 cuius
747 1986 857 2025 non
897 1969 1016 2026 sine
1051 1987 1253 2041 magna
1279 1969 1441 2042 culpa
1465 1969 1809 2027 vacillarunt.
1898 1970 2007 2028 Sed

221 2085 350 2125 eum
377 2067 496 2137 ipso
521 2067 725 2124 videro,
813 2068 865 2125 3.
911 2066 999 2123 De
1022 2067 1305 2139 Montano,
1330 2070 1396 2123 ιιι
1422 2084 1583 2141 saepe
1610 2067 1683 2124 ad
1708 2071 1767 2125 te
1794 2068 2000 2141 scripsi,

221 2166 329 2222 erit
355 2164 463 2222 tibi
490 2169 612 2221 tota
637 2182 725 2221 res
753 2182 928 2222 curae.
1015 2163 1241 2222 Servius
1261 2163 1620 2236 proficiscens,
1644 2164 1793 2238 quod
1819 2165 2005 2239 despe-

219 2266 408 2319 ranter
446 2267 631 2319 tecum
670 2261 888 2319 locutus
929 2264 1029 2334 est,
1066 2262 1292 2318 minime
1328 2262 1509 2333 miror,
1541 2278 1718 2335 neque
1758 2262 1809 2319 ei
1848 2263 2004 2336 quid-

220 2377 388 2431 quam
427 2359 486 2415 in
514 2358 891 2433 desperatione
919 2359 1167 2417 concedo,
1256 2359 1306 2416 4.
1350 2360 1557 2416 Brutus
1586 2364 1785 2431 noster,
1817 2361 2001 2434 singu-

219 2456 351 2512 laris
378 2456 480 2529 vir,
511 2456 559 2512 si
585 2457 645 2512 in
673 2461 927 2513 senatum
954 2473 1064 2512 non
1091 2461 1177 2514 est
1207 2455 1333 2513 Kal.
1356 2455 1532 2513 Iuniis
1559 2461 1843 2529 venturus,
1867 2457 2003 2530 quid

218 2553 464 2609 facturus
505 2553 582 2609 sit
621 2553 680 2610 in
719 2553 838 2610 foro
878 2553 1072 2610 nescio·
1160 2552 1272 2610 Sed
1299 2553 1401 2609 hoc
1440 2554 1557 2625 ipse
1582 2552 1797 2610 melius.
1882 2553 2001 2626 Ego

219 2668 287 2707 ex
339 2650 424 2720 iis,
469 2667 608 2722 quae
648 2650 827 2723 parari
872 2649 1049 2722 video,
1095 2666 1205 2706 non
1245 2648 1486 2706 multum
1542 2647 1736 2705 Idibus
1777 2648 2001 2707 Martiis

218 2746 524 2819 profectum
577 2746 772 2805 iudico,
860 2745 1058 2818 Itaque
1099 2745 1168 2803 de
1209 2744 1443 2803 Graecia
1483 2745 1683 2802 cotidie
1724 2745 1900 2817 magis
1940 2750 1999 2804 et

216 2845 393 2917 magis
421 2844 613 2916 cogito,
700 2842 820 2900 Nec
861 2842 1007 2899 enim
1036 2841 1212 2898 Bruto
1239 2858 1363 2898 meo
1401 2840 1667 2913 exsilium,
1700 2845 1767 2897 ut
1805 2841 1998 2899 scribit

214 2943 348 3015 ipse,
372 2941 670 2999 meditanti
693 2940 854 2998 video
875 2940 1008 3012 quid
1034 2939 1290 3013 prodesse
1308 2940 1526 3013 possim.
1613 2938 1889 2997 Leonidae
1908 2958 1997 2998 me

214 3040 435 3097 litterae
461 3055 571 3096 non
598 3038 736 3095 satis
761 3035 1116 3093 delectarunt.
1205 3036 1295 3093 De
1317 3036 1538 3093 Herode
1565 3036 1672 3093 tibi
1698 3036 1990 3096 adsentior.

215 3135 426 3193 Saufeii
452 3134 647 3207 legisse
672 3133 886 3192 vellem.
971 3133 1090 3207 Ego
1118 3151 1186 3191 ex
1212 3133 1547 3206 Pompeiano
1574 3149 1657 3191 V1.
1692 3132 1827 3191 Idus
1854 3133 1987 3190 Mai.

214 3232 537 3306 cogitabam.
