<?xml version="1.0" encoding="UTF-8"?>
<!DOCTYPE html PUBLIC "-//W3C//DTD XHTML 1.0 Transitional//EN"
    "http://www.w3.org/TR/xhtml1/DTD/xhtml1-transitional.dtd">
<html xmlns="http://www.w3.org/1999/xhtml" xml:lang="en" lang="en">
 <head>
  <title>
</title>
<meta http-equiv="Content-Type" content="text/html;charset=utf-8" />
  <meta name='ocr-system' content='tesseract 3.04.00' />
  <meta name='ocr-capabilities' content='ocr_page ocr_carea ocr_par ocr_line ocrx_word'/>
</head>
<body>
  <div class='ocr_page' id='page_1' title='image "./ciceroinhislett01tyrrgoog_0148.png"; bbox 0 0 2434 3734; ppageno 0'>
   <div class='ocr_carea' id='block_1_1' title="bbox 397 202 1585 290">
    <p class='ocr_par' dir='ltr' id='par_1_1' title="bbox 397 202 1585 290">
     <span class='ocr_line' id='line_1_1' title="bbox 397 202 1585 290; baseline -0.002 -20"><span class='ocrx_word' id='word_1_1' title='bbox 397 223 460 270; x_wconf 83' lang='lat'><strong>26</strong></span> <span class='ocrx_word' id='word_1_2' title='bbox 989 219 1129 270; x_wconf 80' lang='lat' dir='ltr'><strong>xlv.</strong></span> <span class='ocrx_word' id='word_1_3' title='bbox 1169 202 1353 288; x_wconf 69' lang='lat' dir='ltr'><strong>(EAM.</strong></span> <span class='ocrx_word' id='word_1_4' title='bbox 1393 220 1454 270; x_wconf 89' lang='lat' dir='ltr'><strong>v.</strong></span> <span class='ocrx_word' id='word_1_5' title='bbox 1496 207 1585 290; x_wconf 87' lang='lat'><strong>12)</strong></span> 
     </span>
    </p>
   </div>
   <div class='ocr_carea' id='block_1_2' title="bbox 395 373 2189 3267">
    <p class='ocr_par' dir='ltr' id='par_1_2' title="bbox 395 373 2189 3267">
     <span class='ocr_line' id='line_1_2' title="bbox 398 373 2185 450; baseline 0 -20"><span class='ocrx_word' id='word_1_6' title='bbox 398 373 734 447; x_wconf 82' lang='lat' dir='ltr'><strong>explicandis</strong></span> <span class='ocrx_word' id='word_1_7' title='bbox 763 374 941 450; x_wconf 85' lang='lat' dir='ltr'><strong>causis</strong></span> <span class='ocrx_word' id='word_1_8' title='bbox 969 391 1150 430; x_wconf 88' lang='lat' dir='ltr'><strong>rerum</strong></span> <span class='ocrx_word' id='word_1_9' title='bbox 1184 391 1460 430; x_wconf 87' lang='lat' dir='ltr'><strong>novarum·</strong></span> <span class='ocrx_word' id='word_1_10' title='bbox 1482 373 1573 430; x_wconf 87' lang='lat' dir='ltr'><strong>vel</strong></span> <span class='ocrx_word' id='word_1_11' title='bbox 1613 374 1671 430; x_wconf 93' lang='lat' dir='ltr'><strong>in</strong></span> <span class='ocrx_word' id='word_1_12' title='bbox 1699 374 1954 431; x_wconf 77' lang='lat' dir='ltr'>remediis</span> <span class='ocrx_word' id='word_1_13' title='bbox 1981 374 2185 430; x_wconf 91' lang='lat' dir='ltr'><strong>incom-</strong></span> 
     </span>
     <span class='ocr_line' id='line_1_3' title="bbox 396 470 2187 543; baseline 0 -15"><span class='ocrx_word' id='word_1_14' title='bbox 396 471 698 541; x_wconf 89' lang='lat' dir='ltr'><strong>modorum,</strong></span> <span class='ocrx_word' id='word_1_15' title='bbox 757 488 882 528; x_wconf 93' lang='lat' dir='ltr'><strong>cum</strong></span> <span class='ocrx_word' id='word_1_16' title='bbox 939 475 996 527; x_wconf 92' lang='lat' dir='ltr'><strong>et</strong></span> <span class='ocrx_word' id='word_1_17' title='bbox 1057 470 1425 542; x_wconf 81' lang='lat' dir='ltr'><strong>reprehendes</strong></span> <span class='ocrx_word' id='word_1_18' title='bbox 1480 488 1562 542; x_wconf 89' lang='lat' dir='ltr'><strong>ea,</strong></span> <span class='ocrx_word' id='word_1_19' title='bbox 1620 488 1761 542; x_wconf 90' lang='lat' dir='ltr'><strong>quae</strong></span> <span class='ocrx_word' id='word_1_20' title='bbox 1814 471 2187 543; x_wconf 87' lang='lat' dir='ltr'><strong>vituperanda</strong></span> 
     </span>
     <span class='ocr_line' id='line_1_4' title="bbox 397 567 2185 641; baseline 0 -16"><span class='ocrx_word' id='word_1_21' title='bbox 397 569 577 640; x_wconf 87' lang='lat' dir='ltr'><strong>duces,</strong></span> <span class='ocrx_word' id='word_1_22' title='bbox 609 573 667 626; x_wconf 89' lang='lat' dir='ltr'><strong>et</strong></span> <span class='ocrx_word' id='word_1_23' title='bbox 707 586 847 640; x_wconf 87' lang='lat' dir='ltr'><strong>quae</strong></span> <span class='ocrx_word' id='word_1_24' title='bbox 888 567 1184 641; x_wconf 89' lang='lat' dir='ltr'><strong>placebunt</strong></span> <span class='ocrx_word' id='word_1_25' title='bbox 1225 567 1558 640; x_wconf 83' lang='lat' dir='ltr'><strong>exponendis</strong></span> <span class='ocrx_word' id='word_1_26' title='bbox 1600 569 1910 625; x_wconf 88' lang='lat' dir='ltr'><strong>rationibus</strong></span> <span class='ocrx_word' id='word_1_27' title='bbox 1944 586 2185 641; x_wconf 87' lang='lat' dir='ltr'><strong>compro-</strong></span> 
     </span>
     <span class='ocr_line' id='line_1_5' title="bbox 395 665 2187 739; baseline 0.001 -16"><span class='ocrx_word' id='word_1_28' title='bbox 395 667 554 723; x_wconf 90' lang='lat' dir='ltr'><strong>babis</strong></span> <span class='ocrx_word' id='word_1_29' title='bbox 581 670 653 738; x_wconf 74' lang='lat' dir='ltr'><strong>et,</strong></span> <span class='ocrx_word' id='word_1_30' title='bbox 685 666 734 722; x_wconf 89' lang='lat' dir='ltr'><strong>si</strong></span> <span class='ocrx_word' id='word_1_31' title='bbox 761 665 1003 737; x_wconf 87' lang='lat' dir='ltr'><strong>liberius,</strong></span> <span class='ocrx_word' id='word_1_32' title='bbox 1035 670 1101 722; x_wconf 94' lang='lat' dir='ltr'><strong>ut</strong></span> <span class='ocrx_word' id='word_1_33' title='bbox 1142 666 1438 737; x_wconf 76' lang='lat' dir='ltr'><strong>consuesti,</strong></span> <span class='ocrx_word' id='word_1_34' title='bbox 1472 666 1746 737; x_wconf 86' lang='lat' dir='ltr'><strong>agendum</strong></span> <span class='ocrx_word' id='word_1_35' title='bbox 1773 667 2015 739; x_wconf 91' lang='lat' dir='ltr'><strong>putabis,</strong></span> <span class='ocrx_word' id='word_1_36' title='bbox 2046 667 2187 724; x_wconf 91' lang='lat' dir='ltr'><strong>mul-</strong></span> 
     </span>
     <span class='ocr_line' id='line_1_6' title="bbox 396 762 2180 836; baseline 0 -16"><span class='ocrx_word' id='word_1_37' title='bbox 396 768 580 820; x_wconf 87' lang='lat' dir='ltr'><strong>torum</strong></span> <span class='ocrx_word' id='word_1_38' title='bbox 626 763 688 819; x_wconf 90' lang='lat' dir='ltr'><strong>in</strong></span> <span class='ocrx_word' id='word_1_39' title='bbox 735 781 836 821; x_wconf 87' lang='lat' dir='ltr'><strong>nos</strong></span> <span class='ocrx_word' id='word_1_40' title='bbox 882 762 1186 836; x_wconf 89' lang='lat' dir='ltr'><strong>perfidiam,</strong></span> <span class='ocrx_word' id='word_1_41' title='bbox 1239 762 1485 834; x_wconf 81' lang='lat' dir='ltr'><strong>insidias,</strong></span> <span class='ocrx_word' id='word_1_42' title='bbox 1529 763 1893 835; x_wconf 78' lang='lat' dir='ltr'><strong>proditionem</strong></span> <span class='ocrx_word' id='word_1_43' title='bbox 1943 765 2180 821; x_wconf 76' lang='lat' dir='ltr'><strong>notabis,</strong></span> 
     </span>
     <span class='ocr_line' id='line_1_7' title="bbox 397 860 2186 918; baseline 0.001 -1"><span class='ocrx_word' id='word_1_44' title='bbox 397 861 640 918; x_wconf 77' lang='lat' dir='ltr'><strong>Multam</strong></span> <span class='ocrx_word' id='word_1_45' title='bbox 681 861 850 917; x_wconf 86' lang='lat' dir='ltr'><strong>etiam</strong></span> <span class='ocrx_word' id='word_1_46' title='bbox 877 878 1032 917; x_wconf 89' lang='lat' dir='ltr'><strong>casus</strong></span> <span class='ocrx_word' id='word_1_47' title='bbox 1073 861 1251 917; x_wconf 84' lang='lat' dir='ltr'><strong>nostri</strong></span> <span class='ocrx_word' id='word_1_48' title='bbox 1294 861 1621 917; x_wconf 86' lang='lat' dir='ltr'><strong>varietatem</strong></span> <span class='ocrx_word' id='word_1_49' title='bbox 1664 860 1770 918; x_wconf 94' lang='lat' dir='ltr'><strong>tibi</strong></span> <span class='ocrx_word' id='word_1_50' title='bbox 1810 861 1870 917; x_wconf 92' lang='lat' dir='ltr'><strong>in</strong></span> <span class='ocrx_word' id='word_1_51' title='bbox 1897 861 2186 918; x_wconf 91' lang='lat' dir='ltr'><strong>scribendo</strong></span> 
     </span>
     <span class='ocr_line' id='line_1_8' title="bbox 395 957 2186 1031; baseline 0 -16"><span class='ocrx_word' id='word_1_52' title='bbox 395 957 832 1031; x_wconf 82' lang='lat' dir='ltr'><strong>suppeditabunt</strong></span> <span class='ocrx_word' id='word_1_53' title='bbox 879 957 1098 1031; x_wconf 89' lang='lat' dir='ltr'><strong>plenam</strong></span> <span class='ocrx_word' id='word_1_54' title='bbox 1145 957 1433 1015; x_wconf 90' lang='lat' dir='ltr'><strong>cuiusdam</strong></span> <span class='ocrx_word' id='word_1_55' title='bbox 1474 957 1796 1030; x_wconf 87' lang='lat' dir='ltr'><strong>voluptatis,</strong></span> <span class='ocrx_word' id='word_1_56' title='bbox 1842 976 1983 1031; x_wconf 89' lang='lat' dir='ltr'><strong>quae</strong></span> <span class='ocrx_word' id='word_1_57' title='bbox 2024 959 2186 1016; x_wconf 87' lang='lat' dir='ltr'><strong>vehe-</strong></span> 
     </span>
     <span class='ocr_line' id='line_1_9' title="bbox 396 1055 2187 1127; baseline 0.001 -15"><span class='ocrx_word' id='word_1_58' title='bbox 396 1060 610 1112; x_wconf 88' lang='lat' dir='ltr'><strong>menter</strong></span> <span class='ocrx_word' id='word_1_59' title='bbox 636 1056 846 1112; x_wconf 89' lang='lat' dir='ltr'><strong>animos</strong></span> <span class='ocrx_word' id='word_1_60' title='bbox 874 1055 1159 1112; x_wconf 91' lang='lat' dir='ltr'><strong>hominum</strong></span> <span class='ocrx_word' id='word_1_61' title='bbox 1186 1056 1247 1112; x_wconf 93' lang='lat' dir='ltr'><strong>in</strong></span> <span class='ocrx_word' id='word_1_62' title='bbox 1273 1055 1521 1127; x_wconf 80' lang='lat' dir='ltr'><strong>legende,</strong></span> <span class='ocrx_word' id='word_1_63' title='bbox 1552 1061 1609 1112; x_wconf 92' lang='lat' dir='ltr'><strong>te</strong></span> <span class='ocrx_word' id='word_1_64' title='bbox 1637 1056 1916 1127; x_wconf 88' lang='lat' dir='ltr'><strong>scriptore,</strong></span> <span class='ocrx_word' id='word_1_65' title='bbox 1949 1057 2187 1113; x_wconf 90' lang='lat' dir='ltr'><strong>retinere</strong></span> 
     </span>
     <span class='ocr_line' id='line_1_10' title="bbox 395 1151 2186 1226; baseline 0 -16"><span class='ocrx_word' id='word_1_66' title='bbox 395 1153 585 1226; x_wconf 80' lang='lat' dir='ltr'><strong>possit.</strong></span> <span class='ocrx_word' id='word_1_67' title='bbox 672 1152 832 1210; x_wconf 75' lang='lat' dir='ltr'><strong>Nihil</strong></span> <span class='ocrx_word' id='word_1_68' title='bbox 873 1157 958 1210; x_wconf 88' lang='lat' dir='ltr'><strong>est</strong></span> <span class='ocrx_word' id='word_1_69' title='bbox 999 1153 1149 1210; x_wconf 89' lang='lat' dir='ltr'><strong>enim</strong></span> <span class='ocrx_word' id='word_1_70' title='bbox 1175 1152 1361 1224; x_wconf 88' lang='lat' dir='ltr'><strong>aptius</strong></span> <span class='ocrx_word' id='word_1_71' title='bbox 1390 1151 1463 1208; x_wconf 86' lang='lat' dir='ltr'><strong>ad</strong></span> <span class='ocrx_word' id='word_1_72' title='bbox 1495 1152 1922 1210; x_wconf 77' lang='lat' dir='ltr'><strong>delectationem</strong></span> <span class='ocrx_word' id='word_1_73' title='bbox 1963 1152 2186 1210; x_wconf 90' lang='lat' dir='ltr'><strong>lectoris</strong></span> 
     </span>
     <span class='ocr_line' id='line_1_11' title="bbox 397 1249 2185 1322; baseline 0.002 -16"><span class='ocrx_word' id='word_1_74' title='bbox 397 1268 564 1322; x_wconf 90' lang='lat' dir='ltr'><strong>quam</strong></span> <span class='ocrx_word' id='word_1_75' title='bbox 609 1254 920 1322; x_wconf 88' lang='lat' dir='ltr'><strong>temporum</strong></span> <span class='ocrx_word' id='word_1_76' title='bbox 965 1250 1268 1306; x_wconf 86' lang='lat' dir='ltr'><strong>varietates</strong></span> <span class='ocrx_word' id='word_1_77' title='bbox 1323 1249 1686 1322; x_wconf 81' lang='lat' dir='ltr'><strong>fortunaeque</strong></span> <span class='ocrx_word' id='word_1_78' title='bbox 1720 1249 2185 1317; x_wconf 64' lang='lat' dir='ltr'><strong>vicissitudines:</strong></span> 
     </span>
     <span class='ocr_line' id='line_1_12' title="bbox 397 1345 2185 1419; baseline -0.001 -16"><span class='ocrx_word' id='word_1_79' title='bbox 397 1365 537 1419; x_wconf 90' lang='lat' dir='ltr'><strong>quae</strong></span> <span class='ocrx_word' id='word_1_80' title='bbox 579 1347 686 1403; x_wconf 92' lang='lat' dir='ltr'><strong>etsi</strong></span> <span class='ocrx_word' id='word_1_81' title='bbox 727 1347 888 1403; x_wconf 88' lang='lat' dir='ltr'><strong>nobis</strong></span> <span class='ocrx_word' id='word_1_82' title='bbox 921 1345 1191 1419; x_wconf 87' lang='lat' dir='ltr'><strong>optabiles</strong></span> <span class='ocrx_word' id='word_1_83' title='bbox 1230 1347 1291 1402; x_wconf 90' lang='lat' dir='ltr'><strong>in</strong></span> <span class='ocrx_word' id='word_1_84' title='bbox 1333 1346 1663 1419; x_wconf 87' lang='lat' dir='ltr'><strong>experiendo</strong></span> <span class='ocrx_word' id='word_1_85' title='bbox 1703 1365 1815 1403; x_wconf 92' lang='lat' dir='ltr'><strong>non</strong></span> <span class='ocrx_word' id='word_1_86' title='bbox 1854 1346 2095 1418; x_wconf 90' lang='lat' dir='ltr'><strong>fuerunt,</strong></span> <span class='ocrx_word' id='word_1_87' title='bbox 2126 1348 2185 1403; x_wconf 90' lang='lat' dir='ltr'><strong>in</strong></span> 
     </span>
     <span class='ocr_line' id='line_1_13' title="bbox 396 1443 2188 1516; baseline 0 -16"><span class='ocrx_word' id='word_1_88' title='bbox 396 1443 628 1516; x_wconf 87' lang='lat' dir='ltr'><strong>legendo</strong></span> <span class='ocrx_word' id='word_1_89' title='bbox 675 1448 863 1500; x_wconf 90' lang='lat' dir='ltr'><strong>tamen</strong></span> <span class='ocrx_word' id='word_1_90' title='bbox 911 1448 1075 1501; x_wconf 90' lang='lat' dir='ltr'><strong>erunt</strong></span> <span class='ocrx_word' id='word_1_91' title='bbox 1121 1443 1430 1502; x_wconf 89' lang='lat' dir='ltr'><strong>iucundae:</strong></span> <span class='ocrx_word' id='word_1_92' title='bbox 1486 1443 1657 1500; x_wconf 89' lang='lat' dir='ltr'><strong>habet</strong></span> <span class='ocrx_word' id='word_1_93' title='bbox 1704 1443 1853 1500; x_wconf 88' lang='lat' dir='ltr'><strong>enim</strong></span> <span class='ocrx_word' id='word_1_94' title='bbox 1898 1443 2188 1516; x_wconf 85' lang='lat' dir='ltr'><strong>praeteriti</strong></span> 
     </span>
     <span class='ocr_line' id='line_1_14' title="bbox 397 1540 2189 1600; baseline 0 -2"><span class='ocrx_word' id='word_1_95' title='bbox 397 1540 600 1598; x_wconf 88' lang='lat' dir='ltr'><strong>doloris</strong></span> <span class='ocrx_word' id='word_1_96' title='bbox 626 1547 817 1598; x_wconf 73' lang='lat' dir='ltr'><strong>secura</strong></span> <span class='ocrx_word' id='word_1_97' title='bbox 842 1541 1149 1598; x_wconf 81' lang='lat' dir='ltr'><strong>recordatio</strong></span> <span class='ocrx_word' id='word_1_98' title='bbox 1190 1540 1628 1598; x_wconf 87' lang='lat' dir='ltr'><strong>delectationem.</strong></span> <span class='ocrx_word' id='word_1_99' title='bbox 1717 1541 1769 1600; x_wconf 84' lang='lat'><strong>5.</strong></span> <span class='ocrx_word' id='word_1_100' title='bbox 1819 1541 2030 1598; x_wconf 84' lang='lat' dir='ltr'><strong>Ceteris</strong></span> <span class='ocrx_word' id='word_1_101' title='bbox 2056 1559 2189 1599; x_wconf 87' lang='lat' dir='ltr'><strong>vero</strong></span> 
     </span>
     <span class='ocr_line' id='line_1_15' title="bbox 397 1637 2189 1711; baseline 0.001 -17"><span class='ocrx_word' id='word_1_102' title='bbox 397 1637 552 1694; x_wconf 87' lang='lat' dir='ltr'><strong>nulla</strong></span> <span class='ocrx_word' id='word_1_103' title='bbox 597 1637 901 1710; x_wconf 89' lang='lat' dir='ltr'><strong>perfunctis</strong></span> <span class='ocrx_word' id='word_1_104' title='bbox 947 1639 1168 1710; x_wconf 90' lang='lat' dir='ltr'><strong>propria</strong></span> <span class='ocrx_word' id='word_1_105' title='bbox 1212 1637 1485 1711; x_wconf 89' lang='lat' dir='ltr'><strong>molestia,</strong></span> <span class='ocrx_word' id='word_1_106' title='bbox 1537 1655 1695 1695; x_wconf 87' lang='lat' dir='ltr'><strong>casus</strong></span> <span class='ocrx_word' id='word_1_107' title='bbox 1743 1642 1931 1694; x_wconf 91' lang='lat' dir='ltr'><strong>autem</strong></span> <span class='ocrx_word' id='word_1_108' title='bbox 1980 1637 2189 1695; x_wconf 89' lang='lat' dir='ltr'><strong>alienos</strong></span> 
     </span>
     <span class='ocr_line' id='line_1_16' title="bbox 397 1734 2189 1816; baseline 0.001 -24"><span class='ocrx_word' id='word_1_109' title='bbox 397 1736 514 1816; x_wconf 85' lang='lat' dir='ltr'><strong>sine</strong></span> <span class='ocrx_word' id='word_1_110' title='bbox 545 1734 660 1791; x_wconf 93' lang='lat' dir='ltr'><strong>ullo</strong></span> <span class='ocrx_word' id='word_1_111' title='bbox 702 1734 886 1792; x_wconf 90' lang='lat' dir='ltr'><strong>dolore</strong></span> <span class='ocrx_word' id='word_1_112' title='bbox 927 1735 1294 1808; x_wconf 88' lang='lat' dir='ltr'><strong>intuentibus,</strong></span> <span class='ocrx_word' id='word_1_113' title='bbox 1328 1736 1500 1792; x_wconf 90' lang='lat' dir='ltr'><strong>etiam</strong></span> <span class='ocrx_word' id='word_1_114' title='bbox 1540 1737 1661 1808; x_wconf 85' lang='lat' dir='ltr'><strong>ipsa</strong></span> <span class='ocrx_word' id='word_1_115' title='bbox 1700 1735 2075 1792; x_wconf 89' lang='lat' dir='ltr'><strong>misericordia</strong></span> <span class='ocrx_word' id='word_1_116' title='bbox 2100 1741 2189 1793; x_wconf 87' lang='lat' dir='ltr'><strong>est</strong></span> 
     </span>
     <span class='ocr_line' id='line_1_17' title="bbox 397 1831 2187 1905; baseline 0.001 -17"><span class='ocrx_word' id='word_1_117' title='bbox 397 1831 652 1889; x_wconf 90' lang='lat' dir='ltr'><strong>iucunda.</strong></span> <span class='ocrx_word' id='word_1_118' title='bbox 738 1832 916 1901; x_wconf 82' lang='lat' dir='ltr'><strong>Quem</strong></span> <span class='ocrx_word' id='word_1_119' title='bbox 957 1833 1105 1889; x_wconf 91' lang='lat' dir='ltr'><strong>enim</strong></span> <span class='ocrx_word' id='word_1_120' title='bbox 1145 1837 1400 1890; x_wconf 89' lang='lat' dir='ltr'><strong>nostrum</strong></span> <span class='ocrx_word' id='word_1_121' title='bbox 1439 1832 1533 1890; x_wconf 88' lang='lat' dir='ltr'><strong>ille</strong></span> <span class='ocrx_word' id='word_1_122' title='bbox 1575 1833 1815 1890; x_wconf 91' lang='lat' dir='ltr'><strong>moriens</strong></span> <span class='ocrx_word' id='word_1_123' title='bbox 1842 1832 1992 1905; x_wconf 90' lang='lat' dir='ltr'><strong>apud</strong></span> <span class='ocrx_word' id='word_1_124' title='bbox 2031 1832 2187 1890; x_wconf 88' lang='lat' dir='ltr'><strong>Man-</strong></span> 
     </span>
     <span class='ocr_line' id='line_1_18' title="bbox 399 1928 2188 2003; baseline 0.001 -18"><span class='ocrx_word' id='word_1_125' title='bbox 399 1929 608 1988; x_wconf 83' lang='lat' dir='ltr'><strong>tineam</strong></span> <span class='ocrx_word' id='word_1_126' title='bbox 676 1928 1088 2001; x_wconf 85' lang='lat' dir='ltr'><strong>Epaminondas</strong></span> <span class='ocrx_word' id='word_1_127' title='bbox 1152 1948 1266 1987; x_wconf 92' lang='lat' dir='ltr'><strong>non</strong></span> <span class='ocrx_word' id='word_1_128' title='bbox 1332 1948 1457 1987; x_wconf 93' lang='lat' dir='ltr'><strong>cum</strong></span> <span class='ocrx_word' id='word_1_129' title='bbox 1522 1930 1765 2003; x_wconf 83' lang='lat' dir='ltr'><strong>quadam</strong></span> <span class='ocrx_word' id='word_1_130' title='bbox 1832 1931 2188 1987; x_wconf 89' lang='lat' dir='ltr'><strong>miseratione</strong></span> 
     </span>
     <span class='ocr_line' id='line_1_19' title="bbox 397 2027 2183 2101; baseline 0.001 -17"><span class='ocrx_word' id='word_1_131' title='bbox 397 2027 676 2084; x_wconf 71' lang='lat' dir='ltr'><strong>delectat?</strong></span> <span class='ocrx_word' id='word_1_132' title='bbox 728 2027 825 2099; x_wconf 93' lang='lat' dir='ltr'><strong>qui</strong></span> <span class='ocrx_word' id='word_1_133' title='bbox 872 2032 995 2084; x_wconf 90' lang='lat' dir='ltr'><strong>tum</strong></span> <span class='ocrx_word' id='word_1_134' title='bbox 1043 2029 1279 2100; x_wconf 91' lang='lat' dir='ltr'><strong>denique</strong></span> <span class='ocrx_word' id='word_1_135' title='bbox 1328 2027 1437 2085; x_wconf 89' lang='lat' dir='ltr'><strong>sibi</strong></span> <span class='ocrx_word' id='word_1_136' title='bbox 1485 2029 1648 2086; x_wconf 88' lang='lat' dir='ltr'><strong>evelli</strong></span> <span class='ocrx_word' id='word_1_137' title='bbox 1692 2029 1850 2085; x_wconf 90' lang='lat' dir='ltr'><strong>iubet</strong></span> <span class='ocrx_word' id='word_1_138' title='bbox 1894 2028 2183 2101; x_wconf 89' lang='lat' dir='ltr'><strong>spiculum,</strong></span> 
     </span>
     <span class='ocr_line' id='line_1_20' title="bbox 397 2124 2184 2199; baseline 0.001 -19"><span class='ocrx_word' id='word_1_139' title='bbox 397 2131 590 2198; x_wconf 87' lang='lat' dir='ltr'><strong>postea</strong></span> <span class='ocrx_word' id='word_1_140' title='bbox 609 2141 773 2196; x_wconf 86' lang='lat' dir='ltr'><strong>quam</strong></span> <span class='ocrx_word' id='word_1_141' title='bbox 797 2125 848 2182; x_wconf 89' lang='lat' dir='ltr'><strong>ei</strong></span> <span class='ocrx_word' id='word_1_142' title='bbox 864 2127 1213 2197; x_wconf 85' lang='lat' dir='ltr'><strong>percontanti</strong></span> <span class='ocrx_word' id='word_1_143' title='bbox 1234 2124 1445 2183; x_wconf 90' lang='lat' dir='ltr'><strong>dictum</strong></span> <span class='ocrx_word' id='word_1_144' title='bbox 1462 2130 1548 2182; x_wconf 90' lang='lat' dir='ltr'><strong>est</strong></span> <span class='ocrx_word' id='word_1_145' title='bbox 1565 2124 1801 2199; x_wconf 91' lang='lat' dir='ltr'><strong>clipeum</strong></span> <span class='ocrx_word' id='word_1_146' title='bbox 1818 2143 1934 2182; x_wconf 91' lang='lat' dir='ltr'><strong>esse</strong></span> <span class='ocrx_word' id='word_1_147' title='bbox 1951 2125 2184 2196; x_wconf 88' lang='lat' dir='ltr'><strong>salvum,</strong></span> 
     </span>
     <span class='ocr_line' id='line_1_21' title="bbox 399 2222 2189 2295; baseline 0.001 -16"><span class='ocrx_word' id='word_1_148' title='bbox 399 2228 463 2280; x_wconf 93' lang='lat' dir='ltr'><strong>ut</strong></span> <span class='ocrx_word' id='word_1_149' title='bbox 491 2223 661 2280; x_wconf 87' lang='lat' dir='ltr'><strong>etiam</strong></span> <span class='ocrx_word' id='word_1_150' title='bbox 687 2222 747 2278; x_wconf 92' lang='lat' dir='ltr'><strong>in</strong></span> <span class='ocrx_word' id='word_1_151' title='bbox 774 2222 1017 2280; x_wconf 86' lang='lat' dir='ltr'><strong>vulneris</strong></span> <span class='ocrx_word' id='word_1_152' title='bbox 1044 2222 1230 2280; x_wconf 90' lang='lat' dir='ltr'><strong>dolore</strong></span> <span class='ocrx_word' id='word_1_153' title='bbox 1258 2241 1432 2295; x_wconf 91' lang='lat' dir='ltr'><strong>aequo</strong></span> <span class='ocrx_word' id='word_1_154' title='bbox 1460 2223 1645 2294; x_wconf 88' lang='lat' dir='ltr'><strong>animo</strong></span> <span class='ocrx_word' id='word_1_155' title='bbox 1672 2241 1797 2280; x_wconf 88' lang='lat' dir='ltr'><strong>cum</strong></span> <span class='ocrx_word' id='word_1_156' title='bbox 1824 2222 1987 2280; x_wconf 90' lang='lat' dir='ltr'><strong>laude</strong></span> <span class='ocrx_word' id='word_1_157' title='bbox 2016 2240 2189 2280; x_wconf 90' lang='lat' dir='ltr'><strong>more-</strong></span> 
     </span>
     <span class='ocr_line' id='line_1_22' title="bbox 397 2318 2188 2392; baseline 0.001 -16"><span class='ocrx_word' id='word_1_158' title='bbox 397 2325 564 2379; x_wconf 87' lang='lat' dir='ltr'><strong>retur.</strong></span> <span class='ocrx_word' id='word_1_159' title='bbox 651 2318 823 2377; x_wconf 83' lang='lat' dir='ltr'><strong>Ouius</strong></span> <span class='ocrx_word' id='word_1_160' title='bbox 864 2321 1115 2378; x_wconf 90' lang='lat' dir='ltr'><strong>studium</strong></span> <span class='ocrx_word' id='word_1_161' title='bbox 1155 2321 1215 2377; x_wconf 92' lang='lat' dir='ltr'><strong>in</strong></span> <span class='ocrx_word' id='word_1_162' title='bbox 1256 2320 1488 2392; x_wconf 89' lang='lat' dir='ltr'><strong>legendo</strong></span> <span class='ocrx_word' id='word_1_163' title='bbox 1516 2338 1626 2377; x_wconf 92' lang='lat' dir='ltr'><strong>non</strong></span> <span class='ocrx_word' id='word_1_164' title='bbox 1654 2324 1899 2378; x_wconf 89' lang='lat' dir='ltr'><strong>erectum</strong></span> <span class='ocrx_word' id='word_1_165' title='bbox 1940 2320 2188 2378; x_wconf 83' lang='lat' dir='ltr'><strong>Themis-</strong></span> 
     </span>
     <span class='ocr_line' id='line_1_23' title="bbox 398 2415 2186 2490; baseline 0.001 -17"><span class='ocrx_word' id='word_1_166' title='bbox 398 2416 532 2473; x_wconf 89' lang='lat' dir='ltr'><strong>tocli</strong></span> <span class='ocrx_word' id='word_1_167' title='bbox 598 2415 734 2488; x_wconf 88' lang='lat' dir='ltr'><strong>fuga</strong></span> <span class='ocrx_word' id='word_1_168' title='bbox 797 2417 1088 2490; x_wconf 86' lang='lat' dir='ltr'><strong>redituque</strong></span> <span class='ocrx_word' id='word_1_169' title='bbox 1152 2417 1465 2476; x_wconf 69' lang='lat' dir='ltr'><strong>retinetur?</strong></span> <span class='ocrx_word' id='word_1_170' title='bbox 1579 2416 1807 2474; x_wconf 88' lang='lat' dir='ltr'><strong>Etenim</strong></span> <span class='ocrx_word' id='word_1_171' title='bbox 1871 2417 2003 2474; x_wconf 90' lang='lat' dir='ltr'><strong>ordo</strong></span> <span class='ocrx_word' id='word_1_172' title='bbox 2065 2417 2186 2490; x_wconf 88' lang='lat' dir='ltr'><strong>ipse</strong></span> 
     </span>
     <span class='ocr_line' id='line_1_24' title="bbox 398 2512 2185 2586; baseline 0.001 -15"><span class='ocrx_word' id='word_1_173' title='bbox 398 2512 680 2571; x_wconf 91' lang='lat' dir='ltr'><strong>annalium</strong></span> <span class='ocrx_word' id='word_1_174' title='bbox 734 2515 1083 2572; x_wconf 92' lang='lat' dir='ltr'><strong>mediocriter</strong></span> <span class='ocrx_word' id='word_1_175' title='bbox 1141 2531 1243 2572; x_wconf 90' lang='lat' dir='ltr'><strong>nos</strong></span> <span class='ocrx_word' id='word_1_176' title='bbox 1298 2515 1503 2572; x_wconf 90' lang='lat' dir='ltr'><strong>retinet</strong></span> <span class='ocrx_word' id='word_1_177' title='bbox 1558 2515 1719 2586; x_wconf 86' lang='lat' dir='ltr'><strong>quasi</strong></span> <span class='ocrx_word' id='word_1_178' title='bbox 1773 2515 2185 2572; x_wconf 89' lang='lat' dir='ltr'><strong>enumeratione</strong></span> 
     </span>
     <span class='ocr_line' id='line_1_25' title="bbox 396 2611 2185 2684; baseline 0.001 -16"><span class='ocrx_word' id='word_1_179' title='bbox 396 2611 704 2669; x_wconf 86' lang='lat' dir='ltr'><strong>fastorum:</strong></span> <span class='ocrx_word' id='word_1_180' title='bbox 761 2616 822 2668; x_wconf 87' lang='lat' dir='ltr'><strong>at</strong></span> <span class='ocrx_word' id='word_1_181' title='bbox 876 2611 985 2668; x_wconf 89' lang='lat' dir='ltr'><strong>viri</strong></span> <span class='ocrx_word' id='word_1_182' title='bbox 1037 2629 1198 2684; x_wconf 90' lang='lat' dir='ltr'><strong>saepe</strong></span> <span class='ocrx_word' id='word_1_183' title='bbox 1248 2612 1566 2669; x_wconf 90' lang='lat' dir='ltr'><strong>excellentis</strong></span> <span class='ocrx_word' id='word_1_184' title='bbox 1622 2611 1890 2684; x_wconf 87' lang='lat' dir='ltr'><strong>ancipites</strong></span> <span class='ocrx_word' id='word_1_185' title='bbox 1937 2612 2185 2683; x_wconf 84' lang='lat' dir='ltr'><strong>variique</strong></span> 
     </span>
     <span class='ocr_line' id='line_1_26' title="bbox 399 2707 2181 2782; baseline 0 -16"><span class='ocrx_word' id='word_1_186' title='bbox 399 2727 556 2766; x_wconf 89' lang='lat' dir='ltr'><strong>casus</strong></span> <span class='ocrx_word' id='word_1_187' title='bbox 604 2707 814 2766; x_wconf 90' lang='lat' dir='ltr'><strong>habent</strong></span> <span class='ocrx_word' id='word_1_188' title='bbox 860 2709 1301 2780; x_wconf 87' lang='lat' dir='ltr'><strong>admirationem,</strong></span> <span class='ocrx_word' id='word_1_189' title='bbox 1351 2709 1837 2782; x_wconf 86' lang='lat' dir='ltr'><strong>exspectationem,</strong></span> <span class='ocrx_word' id='word_1_190' title='bbox 1888 2708 2181 2782; x_wconf 89' lang='lat' dir='ltr'><strong>laetitiam,</strong></span> 
     </span>
     <span class='ocr_line' id='line_1_27' title="bbox 397 2804 2187 2878; baseline -0.001 -15"><span class='ocrx_word' id='word_1_191' title='bbox 397 2805 726 2877; x_wconf 88' lang='lat' dir='ltr'><strong>molestiam,</strong></span> <span class='ocrx_word' id='word_1_192' title='bbox 770 2823 940 2878; x_wconf 90' lang='lat' dir='ltr'><strong>spem,</strong></span> <span class='ocrx_word' id='word_1_193' title='bbox 987 2807 1277 2864; x_wconf 90' lang='lat' dir='ltr'><strong>timorem:</strong></span> <span class='ocrx_word' id='word_1_194' title='bbox 1327 2806 1377 2862; x_wconf 92' lang='lat' dir='ltr'><strong>si</strong></span> <span class='ocrx_word' id='word_1_195' title='bbox 1416 2823 1546 2863; x_wconf 87' lang='lat' dir='ltr'><strong>vero</strong></span> <span class='ocrx_word' id='word_1_196' title='bbox 1588 2806 1746 2862; x_wconf 90' lang='lat' dir='ltr'><strong>exitu</strong></span> <span class='ocrx_word' id='word_1_197' title='bbox 1786 2804 2022 2863; x_wconf 84' lang='lat' dir='ltr'><strong>notabili</strong></span> <span class='ocrx_word' id='word_1_198' title='bbox 2062 2823 2187 2862; x_wconf 85' lang='lat' dir='ltr'><strong>con-</strong></span> 
     </span>
     <span class='ocr_line' id='line_1_28' title="bbox 398 2902 2186 2976; baseline 0.001 -18"><span class='ocrx_word' id='word_1_199' title='bbox 398 2902 713 2973; x_wconf 87' lang='lat' dir='ltr'><strong>cluduntur,</strong></span> <span class='ocrx_word' id='word_1_200' title='bbox 739 2903 996 2976; x_wconf 88' lang='lat' dir='ltr'><strong>expletur</strong></span> <span class='ocrx_word' id='word_1_201' title='bbox 1035 2903 1252 2960; x_wconf 91' lang='lat' dir='ltr'><strong>animus</strong></span> <span class='ocrx_word' id='word_1_202' title='bbox 1278 2903 1675 2960; x_wconf 88' lang='lat' dir='ltr'><strong>iucundissima</strong></span> <span class='ocrx_word' id='word_1_203' title='bbox 1713 2903 1967 2960; x_wconf 89' lang='lat' dir='ltr'><strong>lectionis</strong></span> <span class='ocrx_word' id='word_1_204' title='bbox 1993 2902 2186 2976; x_wconf 82' lang='lat' dir='ltr'><strong>volup-</strong></span> 
     </span>
     <span class='ocr_line' id='line_1_29' title="bbox 399 2999 2187 3073; baseline 0.001 -19"><span class='ocrx_word' id='word_1_205' title='bbox 399 3003 530 3056; x_wconf 88' lang='lat' dir='ltr'><strong>tate.</strong></span> <span class='ocrx_word' id='word_1_206' title='bbox 619 2999 671 3056; x_wconf 89' lang='lat'><strong>6.</strong></span> <span class='ocrx_word' id='word_1_207' title='bbox 719 2999 841 3068; x_wconf 82' lang='lat' dir='ltr'><strong>Quo</strong></span> <span class='ocrx_word' id='word_1_208' title='bbox 867 2999 1007 3056; x_wconf 90' lang='lat' dir='ltr'><strong>mihi</strong></span> <span class='ocrx_word' id='word_1_209' title='bbox 1035 3000 1295 3057; x_wconf 88' lang='lat' dir='ltr'><strong>acciderit</strong></span> <span class='ocrx_word' id='word_1_210' title='bbox 1323 3001 1585 3073; x_wconf 86' lang='lat' dir='ltr'><strong>optatius,</strong></span> <span class='ocrx_word' id='word_1_211' title='bbox 1616 3001 1666 3056; x_wconf 91' lang='lat' dir='ltr'><strong>si</strong></span> <span class='ocrx_word' id='word_1_212' title='bbox 1692 3000 1751 3056; x_wconf 91' lang='lat' dir='ltr'><strong>in</strong></span> <span class='ocrx_word' id='word_1_213' title='bbox 1778 2999 1881 3056; x_wconf 90' lang='lat' dir='ltr'><strong>hac</strong></span> <span class='ocrx_word' id='word_1_214' title='bbox 1908 3001 2187 3056; x_wconf 89' lang='lat' dir='ltr'><strong>sententia</strong></span> 
     </span>
     <span class='ocr_line' id='line_1_30' title="bbox 396 3095 2183 3170; baseline 0.002 -20"><span class='ocrx_word' id='word_1_215' title='bbox 396 3095 580 3168; x_wconf 91' lang='lat' dir='ltr'><strong>fueris,</strong></span> <span class='ocrx_word' id='word_1_216' title='bbox 604 3100 670 3152; x_wconf 92' lang='lat' dir='ltr'><strong>ut</strong></span> <span class='ocrx_word' id='word_1_217' title='bbox 685 3114 720 3152; x_wconf 91' lang='lat' dir='ltr'><strong>a</strong></span> <span class='ocrx_word' id='word_1_218' title='bbox 735 3097 1148 3154; x_wconf 89' lang='lat' dir='ltr'><strong>continentibus</strong></span> <span class='ocrx_word' id='word_1_219' title='bbox 1169 3097 1281 3154; x_wconf 91' lang='lat' dir='ltr'><strong>tuis</strong></span> <span class='ocrx_word' id='word_1_220' title='bbox 1304 3097 1538 3170; x_wconf 88' lang='lat' dir='ltr'><strong>scriptis,</strong></span> <span class='ocrx_word' id='word_1_221' title='bbox 1558 3098 1618 3154; x_wconf 91' lang='lat' dir='ltr'><strong>in</strong></span> <span class='ocrx_word' id='word_1_222' title='bbox 1640 3097 1840 3170; x_wconf 91' lang='lat' dir='ltr'><strong>quibus</strong></span> <span class='ocrx_word' id='word_1_223' title='bbox 1861 3101 2183 3169; x_wconf 88' lang='lat' dir='ltr'><strong>perpetuam</strong></span> 
     </span>
     <span class='ocr_line' id='line_1_31' title="bbox 395 3192 2184 3267; baseline 0.002 -19"><span class='ocrx_word' id='word_1_224' title='bbox 395 3209 578 3248; x_wconf 88' lang='lat' dir='ltr'><strong>rerum</strong></span> <span class='ocrx_word' id='word_1_225' title='bbox 630 3196 910 3264; x_wconf 80' lang='lat' dir='ltr'><strong>gestarum</strong></span> <span class='ocrx_word' id='word_1_226' title='bbox 963 3193 1253 3252; x_wconf 88' lang='lat' dir='ltr'><strong>historiam</strong></span> <span class='ocrx_word' id='word_1_227' title='bbox 1307 3193 1697 3267; x_wconf 89' lang='lat' dir='ltr'><strong>complecteris,</strong></span> <span class='ocrx_word' id='word_1_228' title='bbox 1742 3211 1987 3250; x_wconf 88' lang='lat' dir='ltr'><strong>secernas</strong></span> <span class='ocrx_word' id='word_1_229' title='bbox 2040 3192 2184 3252; x_wconf 86' lang='lat' dir='ltr'><strong>hanc</strong></span> 
     </span>
    </p>
   </div>
   <div class='ocr_carea' id='block_1_3' title="bbox 2268 101 2275 132">
    <p class='ocr_par' dir='ltr' id='par_1_3' title="bbox 2268 101 2275 132">
     <span class='ocr_line' id='line_1_32' title="bbox 2268 101 2275 132; textangle 90"><span class='ocrx_word' id='word_1_230' title='bbox 2268 101 2275 132; x_wconf 64' lang='grc'><strong>..-</strong></span> 
     </span>
    </p>
   </div>
   <div class='ocr_carea' id='block_1_4' title="bbox 2423 2749 2425 3693">
    <p class='ocr_par' dir='ltr' id='par_1_4' title="bbox 2423 2749 2425 3693">
     <span class='ocr_line' id='line_1_33' title="bbox 2423 2749 2425 3693; baseline 0 0"><span class='ocrx_word' id='word_1_231' title='bbox 2423 2749 2425 3693; x_wconf 95' lang='lat' dir='ltr'><strong> </strong></span> 
     </span>
    </p>
   </div>
  </div>
 </body>
</html>
