<?xml version="1.0" encoding="UTF-8"?>
<!DOCTYPE html PUBLIC "-//W3C//DTD XHTML 1.0 Transitional//EN"
    "http://www.w3.org/TR/xhtml1/DTD/xhtml1-transitional.dtd">
<html xmlns="http://www.w3.org/1999/xhtml" xml:lang="en" lang="en">
 <head>
  <title>
</title>
<meta http-equiv="Content-Type" content="text/html;charset=utf-8" />
  <meta name='ocr-system' content='tesseract 3.04.00' />
  <meta name='ocr-capabilities' content='ocr_page ocr_carea ocr_par ocr_line ocrx_word'/>
</head>
<body>
  <div class='ocr_page' id='page_1' title='image "./ciceroinhislett01tyrrgoog_0220.png"; bbox 0 0 2434 3734; ppageno 0'>
   <div class='ocr_carea' id='block_1_1' title="bbox 455 254 1626 337">
    <p class='ocr_par' dir='ltr' id='par_1_1' title="bbox 455 254 1626 337">
     <span class='ocr_line' id='line_1_1' title="bbox 455 254 1626 337; baseline 0 -20"><span class='ocrx_word' id='word_1_1' title='bbox 455 269 550 319; x_wconf 91' lang='lat'><strong>100</strong></span> <span class='ocrx_word' id='word_1_2' title='bbox 1073 267 1178 318; x_wconf 83' lang='lat' dir='ltr'><strong>LX.</strong></span> <span class='ocrx_word' id='word_1_3' title='bbox 1216 254 1403 337; x_wconf 79' lang='lat' dir='ltr'>(FAM.</span> <span class='ocrx_word' id='word_1_4' title='bbox 1442 268 1533 318; x_wconf 86' lang='lat' dir='ltr'><strong>1v.</strong></span> <span class='ocrx_word' id='word_1_5' title='bbox 1571 256 1626 337; x_wconf 88' lang='lat'><strong>5)</strong></span> 
     </span>
    </p>
   </div>
   <div class='ocr_carea' id='block_1_2' title="bbox 111 422 2290 3311">
    <p class='ocr_par' dir='ltr' id='par_1_2' title="bbox 453 422 2258 497">
     <span class='ocr_line' id='line_1_2' title="bbox 453 422 2258 497; baseline -0.001 -16"><span class='ocrx_word' id='word_1_6' title='bbox 453 442 565 481; x_wconf 93' lang='lat' dir='ltr'><strong>uno</strong></span> <span class='ocrx_word' id='word_1_7' title='bbox 591 425 650 481; x_wconf 91' lang='lat' dir='ltr'><strong>in</strong></span> <span class='ocrx_word' id='word_1_8' title='bbox 831 423 935 481; x_wconf 91' lang='lat' dir='ltr'><strong>odo</strong></span> <span class='ocrx_word' id='word_1_9' title='bbox 962 423 1154 481; x_wconf 82' lang='lat' dir='ltr'><strong>addito</strong></span> <span class='ocrx_word' id='word_1_10' title='bbox 1181 423 1319 497; x_wconf 86' lang='lat' dir='ltr'><strong>quid</strong></span> <span class='ocrx_word' id='word_1_11' title='bbox 1350 423 1424 480; x_wconf 83' lang='lat' dir='ltr'><strong>ad</strong></span> <span class='ocrx_word' id='word_1_12' title='bbox 1466 422 1710 481; x_wconf 91' lang='lat' dir='ltr'><strong>dolorem</strong></span> <span class='ocrx_word' id='word_1_13' title='bbox 1830 423 1843 435; x_wconf 76' lang='lat'><em>⁰</em></span> <span class='ocrx_word' id='word_1_14' title='bbox 1925 423 1985 495; x_wconf 89' lang='lat' dir='ltr'><strong>gi</strong></span> <span class='ocrx_word' id='word_1_15' title='bbox 2020 424 2258 495; x_wconf 70' lang='lat' dir='ltr'><strong>potuit?</strong></span> 
     </span>
    </p>

    <p class='ocr_par' dir='ltr' id='par_1_3' title="bbox 339 520 2254 596">
     <span class='ocr_line' id='line_1_3' title="bbox 339 520 2254 596; baseline -0.001 -17"><span class='ocrx_word' id='word_1_16' title='bbox 339 578 346 596; x_wconf 71' lang='grc'>,</span> <span class='ocrx_word' id='word_1_17' title='bbox 454 527 554 579; x_wconf 85' lang='lat' dir='ltr'><strong>aut</strong></span> <span class='ocrx_word' id='word_1_18' title='bbox 581 540 619 595; x_wconf 87' lang='lat' dir='ltr'><strong>q</strong></span> <span class='ocrx_word' id='word_1_19' title='bbox 661 522 673 535; x_wconf 87' lang='lat'>&#39;</span> <span class='ocrx_word' id='word_1_20' title='bbox 745 540 815 579; x_wconf 93' lang='lat' dir='ltr'><strong>on</strong></span> <span class='ocrx_word' id='word_1_21' title='bbox 842 523 901 578; x_wconf 88' lang='lat' dir='ltr'><strong>in</strong></span> <span class='ocrx_word' id='word_1_22' title='bbox 929 522 1040 579; x_wconf 82' lang='lat' dir='ltr'><strong>illis</strong></span> <span class='ocrx_word' id='word_1_23' title='bbox 1059 522 1225 579; x_wconf 84' lang='lat' dir='ltr'><strong>rebus</strong></span> <span class='ocrx_word' id='word_1_24' title='bbox 1252 522 1587 579; x_wconf 82' lang='lat' dir='ltr'><strong>exercitatus</strong></span> <span class='ocrx_word' id='word_1_25' title='bbox 1629 521 1781 578; x_wconf 82' lang='lat' dir='ltr'><strong>anim</strong></span> <span class='ocrx_word' id='word_1_26' title='bbox 1890 520 2093 577; x_wconf 76' lang='lat' dir='ltr'><strong>callere</strong></span> <span class='ocrx_word' id='word_1_27' title='bbox 2132 521 2254 577; x_wconf 76' lang='lat' dir='ltr'><strong>iam</strong></span> 
     </span>
    </p>

    <p class='ocr_par' dir='ltr' id='par_1_4' title="bbox 111 601 2255 986">
     <span class='ocr_line' id='line_1_4' title="bbox 111 601 2254 707; baseline -0.002 -30"><span class='ocrx_word' id='word_1_28' title='bbox 111 681 128 707; x_wconf 60' lang='lat'><strong>-„</strong></span> <span class='ocrx_word' id='word_1_29' title='bbox 165 633 272 681; x_wconf 65' lang='lat' dir='ltr'><strong>w„</strong></span> <span class='ocrx_word' id='word_1_30' title='bbox 303 601 412 682; x_wconf 66' lang='grc'><strong>,,“,,.</strong></span> <span class='ocrx_word' id='word_1_31' title='bbox 455 619 622 676; x_wconf 72' lang='lat' dir='ltr'><strong>debet</strong></span> <span class='ocrx_word' id='word_1_32' title='bbox 665 624 831 691; x_wconf 77' lang='lat' dir='ltr'><strong>atque</strong></span> <span class='ocrx_word' id='word_1_33' title='bbox 877 620 1062 676; x_wconf 74' lang='lat' dir='ltr'><strong>omnia</strong></span> <span class='ocrx_word' id='word_1_34' title='bbox 1105 620 1335 677; x_wconf 77' lang='lat' dir='ltr'><strong>minoris</strong></span> <span class='ocrx_word' id='word_1_35' title='bbox 1390 619 1747 677; x_wconf 63' lang='lat' dir='ltr'><strong>existimare?</strong></span> <span class='ocrx_word' id='word_1_36' title='bbox 1846 618 1899 675; x_wconf 88' lang='lat'><strong>3.</strong></span> <span class='ocrx_word' id='word_1_37' title='bbox 1944 618 2039 675; x_wconf 79' lang='lat' dir='ltr'><strong>An</strong></span> <span class='ocrx_word' id='word_1_38' title='bbox 2092 617 2254 674; x_wconf 73' lang='lat' dir='ltr'><strong>iuius</strong></span> 
     </span>
     <span class='ocr_line' id='line_1_5' title="bbox 117 705 2253 790; baseline 0.001 -22"><span class='ocrx_word' id='word_1_39' title='bbox 117 705 274 760; x_wconf 41' lang='grc' dir='ltr'><strong>»ΛΨ</strong></span> <span class='ocrx_word' id='word_1_40' title='bbox 313 712 434 768; x_wconf 43' lang='grc' dir='ltr'><strong>*νυν</strong></span> <span class='ocrx_word' id='word_1_41' title='bbox 454 717 647 790; x_wconf 86' lang='lat' dir='ltr'><strong>vicem,</strong></span> <span class='ocrx_word' id='word_1_42' title='bbox 707 717 853 787; x_wconf 90' lang='lat' dir='ltr'><strong>ced0,</strong></span> <span class='ocrx_word' id='word_1_43' title='bbox 910 716 1100 774; x_wconf 73' lang='lat' dir='ltr'><strong>doles?</strong></span> <span class='ocrx_word' id='word_1_44' title='bbox 1208 716 1479 786; x_wconf 76' lang='lat' dir='ltr'><strong>Quotiens</strong></span> <span class='ocrx_word' id='word_1_45' title='bbox 1545 716 1605 772; x_wconf 92' lang='lat' dir='ltr'><strong>in</strong></span> <span class='ocrx_word' id='word_1_46' title='bbox 1673 733 1795 773; x_wconf 79' lang='lat' dir='ltr'><strong>eam</strong></span> <span class='ocrx_word' id='word_1_47' title='bbox 1815 730 1827 755; x_wconf 77' lang='lat'>¹</span> <span class='ocrx_word' id='word_1_48' title='bbox 1850 715 2253 788; x_wconf 76' lang='lat' dir='ltr'>cogitationem</span> 
     </span>
     <span class='ocr_line' id='line_1_6' title="bbox 455 790 2255 892; baseline 0 -23"><span class='ocrx_word' id='word_1_49' title='bbox 455 790 672 873; x_wconf 58' lang='lat' dir='ltr'><strong>necesse</strong></span> <span class='ocrx_word' id='word_1_50' title='bbox 709 819 795 872; x_wconf 84' lang='lat' dir='ltr'><strong>est</strong></span> <span class='ocrx_word' id='word_1_51' title='bbox 839 818 898 872; x_wconf 89' lang='lat' dir='ltr'><strong>et</strong></span> <span class='ocrx_word' id='word_1_52' title='bbox 944 820 1011 872; x_wconf 91' lang='lat' dir='ltr'><strong>tu</strong></span> <span class='ocrx_word' id='word_1_53' title='bbox 1050 814 1268 872; x_wconf 86' lang='lat' dir='ltr'><strong>veneris</strong></span> <span class='ocrx_word' id='word_1_54' title='bbox 1299 811 1383 892; x_wconf 88' lang='lat' dir='ltr'><strong>(et</strong></span> <span class='ocrx_word' id='word_1_55' title='bbox 1410 831 1512 871; x_wconf 87' lang='lat' dir='ltr'><strong>nos</strong></span> <span class='ocrx_word' id='word_1_56' title='bbox 1538 831 1700 886; x_wconf 81' lang='lat' dir='ltr'><strong>saepe</strong></span> <span class='ocrx_word' id='word_1_57' title='bbox 1726 809 2066 891; x_wconf 78' lang='lat' dir='ltr'><strong>incidimus),</strong></span> <span class='ocrx_word' id='word_1_58' title='bbox 2096 812 2255 869; x_wconf 85' lang='lat' dir='ltr'><strong>hisce</strong></span> 
     </span>
     <span class='ocr_line' id='line_1_7' title="bbox 456 912 2255 986; baseline 0.001 -19"><span class='ocrx_word' id='word_1_59' title='bbox 456 912 794 984; x_wconf 79' lang='lat' dir='ltr'><strong>temporibus</strong></span> <span class='ocrx_word' id='word_1_60' title='bbox 836 929 945 969; x_wconf 90' lang='lat' dir='ltr'><strong>non</strong></span> <span class='ocrx_word' id='word_1_61' title='bbox 987 913 1222 986; x_wconf 85' lang='lat' dir='ltr'><strong>pessime</strong></span> <span class='ocrx_word' id='word_1_62' title='bbox 1250 930 1377 969; x_wconf 91' lang='lat' dir='ltr'><strong>cum</strong></span> <span class='ocrx_word' id='word_1_63' title='bbox 1403 913 1472 969; x_wconf 81' lang='lat' dir='ltr'><strong>iis</strong></span> <span class='ocrx_word' id='word_1_64' title='bbox 1501 930 1619 970; x_wconf 84' lang='lat' dir='ltr'><strong>esse</strong></span> <span class='ocrx_word' id='word_1_65' title='bbox 1646 916 1848 984; x_wconf 69' lang='lat' dir='ltr'><strong>actim,</strong></span> <span class='ocrx_word' id='word_1_66' title='bbox 1882 912 2087 984; x_wconf 88' lang='lat' dir='ltr'><strong>quibus</strong></span> <span class='ocrx_word' id='word_1_67' title='bbox 2128 912 2255 969; x_wconf 84' lang='lat' dir='ltr'><strong>sine</strong></span> 
     </span>
    </p>

    <p class='ocr_par' dir='ltr' id='par_1_5' title="bbox 455 1007 2257 1077">
     <span class='ocr_line' id='line_1_8' title="bbox 455 1007 2257 1077; baseline 0 -14"><span class='ocrx_word' id='word_1_68' title='bbox 455 1007 639 1066; x_wconf 90' lang='lat' dir='ltr'><strong>dolore</strong></span> <span class='ocrx_word' id='word_1_69' title='bbox 678 1008 898 1066; x_wconf 85' lang='lat' dir='ltr'><strong>licitum</strong></span> <span class='ocrx_word' id='word_1_70' title='bbox 939 1013 1026 1067; x_wconf 89' lang='lat' dir='ltr'><strong>est</strong></span> <span class='ocrx_word' id='word_1_71' title='bbox 1065 1014 1303 1067; x_wconf 88' lang='lat' dir='ltr'><strong>mortem</strong></span> <span class='ocrx_word' id='word_1_72' title='bbox 1330 1027 1459 1066; x_wconf 88' lang='lat' dir='ltr'><strong>cum</strong></span> <span class='ocrx_word' id='word_1_73' title='bbox 1484 1009 1607 1066; x_wconf 82' lang='lat' dir='ltr'><strong>vita</strong></span> <span class='ocrx_word' id='word_1_74' title='bbox 1634 1008 2013 1066; x_wconf 62' lang='lat' dir='ltr'><strong>commutare?</strong></span> <span class='ocrx_word' id='word_1_75' title='bbox 2096 1007 2257 1077; x_wconf 81' lang='lat' dir='ltr'><strong>Quid</strong></span> 
     </span>
    </p>

    <p class='ocr_par' dir='ltr' id='par_1_6' title="bbox 454 1105 2255 1180">
     <span class='ocr_line' id='line_1_9' title="bbox 454 1105 2255 1180; baseline -0.001 -18"><span class='ocrx_word' id='word_1_76' title='bbox 454 1112 640 1162; x_wconf 82' lang='lat' dir='ltr'><strong>autem</strong></span> <span class='ocrx_word' id='word_1_77' title='bbox 680 1106 793 1163; x_wconf 84' lang='lat' dir='ltr'><strong>fuit</strong></span> <span class='ocrx_word' id='word_1_78' title='bbox 831 1106 980 1180; x_wconf 90' lang='lat' dir='ltr'><strong>quod</strong></span> <span class='ocrx_word' id='word_1_79' title='bbox 1016 1106 1172 1163; x_wconf 79' lang='lat' dir='ltr'><strong>illam</strong></span> <span class='ocrx_word' id='word_1_80' title='bbox 1197 1106 1303 1164; x_wconf 90' lang='lat' dir='ltr'><strong>hoc</strong></span> <span class='ocrx_word' id='word_1_81' title='bbox 1328 1110 1572 1180; x_wconf 90' lang='lat' dir='ltr'><strong>tempore</strong></span> <span class='ocrx_word' id='word_1_82' title='bbox 1599 1105 1673 1163; x_wconf 84' lang='lat' dir='ltr'><strong>ad</strong></span> <span class='ocrx_word' id='word_1_83' title='bbox 1699 1105 2001 1163; x_wconf 87' lang='lat' dir='ltr'><strong>vivendum</strong></span> <span class='ocrx_word' id='word_1_84' title='bbox 2044 1123 2255 1177; x_wconf 82' lang='lat' dir='ltr'><strong>magno</strong></span> 
     </span>
    </p>

    <p class='ocr_par' dir='ltr' id='par_1_7' title="bbox 455 1201 2257 1277">
     <span class='ocr_line' id='line_1_10' title="bbox 455 1201 2257 1277; baseline 0 -19"><span class='ocrx_word' id='word_1_85' title='bbox 455 1220 614 1275; x_wconf 88' lang='lat' dir='ltr'><strong>opere</strong></span> <span class='ocrx_word' id='word_1_86' title='bbox 641 1201 880 1260; x_wconf 80' lang='lat' dir='ltr'><strong>invitare</strong></span> <span class='ocrx_word' id='word_1_87' title='bbox 919 1204 1145 1276; x_wconf 65' lang='lat' dir='ltr'><strong>posset?</strong></span> <span class='ocrx_word' id='word_1_88' title='bbox 1183 1221 1325 1276; x_wconf 83' lang='lat' dir='ltr'><strong>quae</strong></span> <span class='ocrx_word' id='word_1_89' title='bbox 1361 1203 1487 1261; x_wconf 70' lang='lat' dir='ltr'><strong>res?</strong></span> <span class='ocrx_word' id='word_1_90' title='bbox 1525 1220 1667 1277; x_wconf 80' lang='lat' dir='ltr'><strong>quae</strong></span> <span class='ocrx_word' id='word_1_91' title='bbox 1692 1202 1858 1275; x_wconf 70' lang='lat' dir='ltr'><strong>spes?</strong></span> <span class='ocrx_word' id='word_1_92' title='bbox 1896 1201 2045 1274; x_wconf 87' lang='lat' dir='ltr'><strong>quod</strong></span> <span class='ocrx_word' id='word_1_93' title='bbox 2072 1202 2257 1259; x_wconf 79' lang='lat' dir='ltr'><strong>animi</strong></span> 
     </span>
    </p>

    <p class='ocr_par' dir='ltr' id='par_1_8' title="bbox 454 1299 2255 1454">
     <span class='ocr_line' id='line_1_11' title="bbox 454 1299 2255 1454; baseline 0 -98"><span class='ocrx_word' id='word_1_94' title='bbox 454 1299 757 1357; x_wconf 63' lang='lat' dir='ltr'><strong>solacium?</strong></span> <span class='ocrx_word' id='word_1_95' title='bbox 858 1299 944 1357; x_wconf 93' lang='lat' dir='ltr'><strong>Ut</strong></span> <span class='ocrx_word' id='word_1_96' title='bbox 997 1318 1124 1357; x_wconf 92' lang='lat' dir='ltr'><strong>cum</strong></span> <span class='ocrx_word' id='word_1_97' title='bbox 1177 1300 1365 1373; x_wconf 82' lang='lat' dir='ltr'><strong>aliquo</strong></span> <span class='ocrx_word' id='word_1_98' title='bbox 1419 1299 1765 1357; x_wconf 76' lang='lat' dir='ltr'><strong>adolescente</strong></span> <span class='ocrx_word' id='word_1_99' title='bbox 1806 1300 2255 1454; x_wconf 53' lang='lat' dir='ltr'><strong>pgffirfflcon-</strong></span> 
     </span>
    </p>

    <p class='ocr_par' dir='ltr' id='par_1_9' title="bbox 455 1397 2258 1469">
     <span class='ocr_line' id='line_1_12' title="bbox 455 1397 2258 1469; baseline 0 -16"><span class='ocrx_word' id='word_1_100' title='bbox 455 1397 644 1455; x_wconf 80' lang='lat' dir='ltr'><strong>iuncta</strong></span> <span class='ocrx_word' id='word_1_101' title='bbox 670 1400 912 1455; x_wconf 84' lang='lat' dir='ltr'><strong>aetatem</strong></span> <span class='ocrx_word' id='word_1_102' title='bbox 939 1397 1191 1469; x_wconf 71' lang='lat' dir='ltr'><strong>gereret&#39;l</strong></span> <span class='ocrx_word' id='word_1_103' title='bbox 1273 1397 1517 1455; x_wconf 88' lang='lat' dir='ltr'><strong>Licitum</strong></span> <span class='ocrx_word' id='word_1_104' title='bbox 1546 1402 1632 1455; x_wconf 88' lang='lat' dir='ltr'><strong>est</strong></span> <span class='ocrx_word' id='word_1_105' title='bbox 1659 1397 1780 1468; x_wconf 85' lang='lat' dir='ltr'><strong>tibi,</strong></span> <span class='ocrx_word' id='word_1_106' title='bbox 1812 1415 1841 1453; x_wconf 96' lang='lat' dir='ltr'><strong>c</strong></span> <span class='ocrx_word' id='word_1_107' title='bbox 1938 1414 1988 1465; x_wconf 94' lang='lat'><strong>0,</strong></span> <span class='ocrx_word' id='word_1_108' title='bbox 2018 1412 2123 1469; x_wconf 88' lang='lat' dir='ltr'><strong>pro</strong></span> <span class='ocrx_word' id='word_1_109' title='bbox 2150 1402 2258 1453; x_wconf 79' lang='lat' dir='ltr'><strong>tua</strong></span> 
     </span>
    </p>

    <p class='ocr_par' dir='ltr' id='par_1_10' title="bbox 456 1492 2255 1567">
     <span class='ocr_line' id='line_1_13' title="bbox 456 1492 2255 1567; baseline 0.001 -18"><span class='ocrx_word' id='word_1_110' title='bbox 456 1493 729 1565; x_wconf 78' lang='lat' dir='ltr'><strong>dignitate</strong></span> <span class='ocrx_word' id='word_1_111' title='bbox 755 1512 825 1551; x_wconf 85' lang='lat' dir='ltr'><strong>ex</strong></span> <span class='ocrx_word' id='word_1_112' title='bbox 863 1493 969 1550; x_wconf 84' lang='lat' dir='ltr'><strong>hac</strong></span> <span class='ocrx_word' id='word_1_113' title='bbox 1007 1494 1299 1552; x_wconf 80' lang='lat' dir='ltr'><strong>iuvent-ute</strong></span> <span class='ocrx_word' id='word_1_114' title='bbox 1338 1512 1603 1567; x_wconf 84' lang='lat' dir='ltr'><strong>generum</strong></span> <span class='ocrx_word' id='word_1_115' title='bbox 1639 1494 1878 1567; x_wconf 88' lang='lat' dir='ltr'><strong>deligere</strong></span> <span class='ocrx_word' id='word_1_116' title='bbox 1917 1493 2074 1551; x_wconf 86' lang='lat' dir='ltr'><strong>cuius</strong></span> <span class='ocrx_word' id='word_1_117' title='bbox 2115 1492 2255 1551; x_wconf 89' lang='lat' dir='ltr'><strong>fidei</strong></span> 
     </span>
    </p>

    <p class='ocr_par' dir='ltr' id='par_1_11' title="bbox 454 1590 2255 1664">
     <span class='ocr_line' id='line_1_14' title="bbox 454 1590 2255 1664; baseline -0.002 -15"><span class='ocrx_word' id='word_1_118' title='bbox 454 1591 656 1649; x_wconf 90' lang='lat' dir='ltr'><strong>liberos</strong></span> <span class='ocrx_word' id='word_1_119' title='bbox 683 1594 810 1648; x_wconf 85' lang='lat' dir='ltr'><strong>tuos</strong></span> <span class='ocrx_word' id='word_1_120' title='bbox 837 1595 895 1647; x_wconf 86' lang='lat' dir='ltr'><strong>te</strong></span> <span class='ocrx_word' id='word_1_121' title='bbox 922 1594 1048 1649; x_wconf 88' lang='lat' dir='ltr'><strong>tuto</strong></span> <span class='ocrx_word' id='word_1_122' title='bbox 1075 1592 1421 1649; x_wconf 88' lang='lat' dir='ltr'><strong>committere</strong></span> <span class='ocrx_word' id='word_1_123' title='bbox 1460 1594 1721 1664; x_wconf 79' lang='lat' dir='ltr'><strong>putares!</strong></span> <span class='ocrx_word' id='word_1_124' title='bbox 1803 1591 1895 1647; x_wconf 86' lang='lat' dir='ltr'><strong>An</strong></span> <span class='ocrx_word' id='word_1_125' title='bbox 1920 1595 1990 1647; x_wconf 89' lang='lat' dir='ltr'><strong>ut</strong></span> <span class='ocrx_word' id='word_1_126' title='bbox 2016 1608 2084 1647; x_wconf 83' lang='lat' dir='ltr'><strong>ea</strong></span> <span class='ocrx_word' id='word_1_127' title='bbox 2108 1590 2255 1647; x_wconf 88' lang='lat' dir='ltr'><strong>libe-</strong></span> 
     </span>
    </p>

    <p class='ocr_par' dir='ltr' id='par_1_12' title="bbox 455 1687 2257 1761">
     <span class='ocr_line' id='line_1_15' title="bbox 455 1687 2257 1761; baseline 0 -16"><span class='ocrx_word' id='word_1_128' title='bbox 455 1706 544 1745; x_wconf 88' lang='lat' dir='ltr'><strong>ros</strong></span> <span class='ocrx_word' id='word_1_129' title='bbox 570 1706 640 1746; x_wconf 85' lang='lat' dir='ltr'><strong>ex</strong></span> <span class='ocrx_word' id='word_1_130' title='bbox 665 1706 784 1746; x_wconf 89' lang='lat' dir='ltr'><strong>sese</strong></span> <span class='ocrx_word' id='word_1_131' title='bbox 810 1692 1043 1761; x_wconf 87' lang='lat' dir='ltr'><strong>pareret,</strong></span> <span class='ocrx_word' id='word_1_132' title='bbox 1074 1706 1211 1761; x_wconf 87' lang='lat' dir='ltr'><strong>quos</strong></span> <span class='ocrx_word' id='word_1_133' title='bbox 1229 1707 1356 1746; x_wconf 91' lang='lat' dir='ltr'><strong>cum</strong></span> <span class='ocrx_word' id='word_1_134' title='bbox 1380 1689 1639 1747; x_wconf 88' lang='lat' dir='ltr'><strong>florentes</strong></span> <span class='ocrx_word' id='word_1_135' title='bbox 1656 1688 1887 1757; x_wconf 84' lang='lat' dir='ltr'><strong>videret,</strong></span> <span class='ocrx_word' id='word_1_136' title='bbox 1904 1687 2257 1745; x_wconf 64' lang='lat' dir='ltr'><strong>laetaretur?</strong></span> 
     </span>
    </p>

    <p class='ocr_par' dir='ltr' id='par_1_13' title="bbox 455 1784 2253 1859">
     <span class='ocr_line' id='line_1_16' title="bbox 455 1784 2253 1859; baseline 0.001 -17"><span class='ocrx_word' id='word_1_137' title='bbox 455 1786 554 1859; x_wconf 89' lang='lat' dir='ltr'><strong>qui</strong></span> <span class='ocrx_word' id='word_1_138' title='bbox 580 1802 696 1843; x_wconf 90' lang='lat' dir='ltr'><strong>rem</strong></span> <span class='ocrx_word' id='word_1_139' title='bbox 723 1804 758 1843; x_wconf 85' lang='lat' dir='ltr'><strong>a</strong></span> <span class='ocrx_word' id='word_1_140' title='bbox 785 1790 1012 1859; x_wconf 78' lang='lat' dir='ltr'><strong>parente</strong></span> <span class='ocrx_word' id='word_1_141' title='bbox 1033 1785 1303 1843; x_wconf 76' lang='lat' dir='ltr'><strong>traditam</strong></span> <span class='ocrx_word' id='word_1_142' title='bbox 1329 1804 1427 1859; x_wconf 87' lang='lat' dir='ltr'><strong>per</strong></span> <span class='ocrx_word' id='word_1_143' title='bbox 1454 1803 1513 1844; x_wconf 87' lang='lat' dir='ltr'><strong>se</strong></span> <span class='ocrx_word' id='word_1_144' title='bbox 1539 1790 1727 1843; x_wconf 89' lang='lat' dir='ltr'><strong>tenere</strong></span> <span class='ocrx_word' id='word_1_145' title='bbox 1754 1789 1994 1857; x_wconf 82' lang='lat' dir='ltr'><strong>possent,</strong></span> <span class='ocrx_word' id='word_1_146' title='bbox 2012 1784 2253 1843; x_wconf 84' lang='lat' dir='ltr'><strong>honores</strong></span> 
     </span>
    </p>

    <p class='ocr_par' dir='ltr' id='par_1_14' title="bbox 457 1881 2257 1956">
     <span class='ocr_line' id='line_1_17' title="bbox 457 1881 2257 1956; baseline 0 -17"><span class='ocrx_word' id='word_1_147' title='bbox 457 1882 753 1939; x_wconf 84' lang='lat' dir='ltr'><strong>ordinatim</strong></span> <span class='ocrx_word' id='word_1_148' title='bbox 799 1882 1033 1955; x_wconf 90' lang='lat' dir='ltr'><strong>petituri</strong></span> <span class='ocrx_word' id='word_1_149' title='bbox 1081 1887 1280 1953; x_wconf 83' lang='lat' dir='ltr'><strong>essent,</strong></span> <span class='ocrx_word' id='word_1_150' title='bbox 1330 1884 1391 1940; x_wconf 91' lang='lat' dir='ltr'><strong>in</strong></span> <span class='ocrx_word' id='word_1_151' title='bbox 1436 1900 1497 1940; x_wconf 90' lang='lat' dir='ltr'><strong>re</strong></span> <span class='ocrx_word' id='word_1_152' title='bbox 1542 1882 1779 1956; x_wconf 81' lang='lat' dir='ltr'><strong>publica,</strong></span> <span class='ocrx_word' id='word_1_153' title='bbox 1831 1882 1892 1938; x_wconf 90' lang='lat' dir='ltr'><strong>in</strong></span> <span class='ocrx_word' id='word_1_154' title='bbox 1940 1881 2257 1939; x_wconf 83' lang='lat' dir='ltr'><strong>amicorum</strong></span> 
     </span>
    </p>

    <p class='ocr_par' dir='ltr' id='par_1_15' title="bbox 457 1978 2253 2052">
     <span class='ocr_line' id='line_1_18' title="bbox 457 1978 2253 2052; baseline 0.002 -17"><span class='ocrx_word' id='word_1_155' title='bbox 457 1980 692 2052; x_wconf 86' lang='lat' dir='ltr'><strong>negotiis</strong></span> <span class='ocrx_word' id='word_1_156' title='bbox 718 1979 979 2037; x_wconf 77' lang='lat' dir='ltr'><strong>libertate</strong></span> <span class='ocrx_word' id='word_1_157' title='bbox 1006 1997 1108 2036; x_wconf 78' lang='lat' dir='ltr'><strong>sua</strong></span> <span class='ocrx_word' id='word_1_158' title='bbox 1148 1980 1342 2037; x_wconf 74' lang='lat' dir='ltr'><strong>usuri?</strong></span> <span class='ocrx_word' id='word_1_159' title='bbox 1423 1979 1573 2049; x_wconf 81' lang='lat' dir='ltr'><strong>Quid</strong></span> <span class='ocrx_word' id='word_1_160' title='bbox 1598 1979 1798 2036; x_wconf 91' lang='lat' dir='ltr'><strong>horum</strong></span> <span class='ocrx_word' id='word_1_161' title='bbox 1818 1978 1931 2035; x_wconf 88' lang='lat' dir='ltr'><strong>fuit</strong></span> <span class='ocrx_word' id='word_1_162' title='bbox 1957 1978 2109 2050; x_wconf 90' lang='lat' dir='ltr'><strong>quod</strong></span> <span class='ocrx_word' id='word_1_163' title='bbox 2136 1998 2253 2039; x_wconf 87' lang='lat' dir='ltr'><strong>non</strong></span> 
     </span>
    </p>

    <p class='ocr_par' dir='ltr' id='par_1_16' title="bbox 457 2075 2253 2150">
     <span class='ocr_line' id='line_1_19' title="bbox 457 2075 2253 2150; baseline 0 -16"><span class='ocrx_word' id='word_1_164' title='bbox 457 2078 625 2150; x_wconf 85' lang='lat' dir='ltr'><strong>prius,</strong></span> <span class='ocrx_word' id='word_1_165' title='bbox 654 2094 820 2149; x_wconf 82' lang='lat' dir='ltr'><strong>quam</strong></span> <span class='ocrx_word' id='word_1_166' title='bbox 848 2077 1045 2135; x_wconf 84' lang='lat' dir='ltr'><strong>datum</strong></span> <span class='ocrx_word' id='word_1_167' title='bbox 1073 2082 1175 2146; x_wconf 87' lang='lat' dir='ltr'><strong>est,</strong></span> <span class='ocrx_word' id='word_1_168' title='bbox 1207 2077 1533 2150; x_wconf 83' lang='lat' dir='ltr'><strong>ademptum</strong></span> <span class='ocrx_word' id='word_1_169' title='bbox 1572 2077 1687 2134; x_wconf 64' lang='lat' dir='ltr'><strong>siti</strong></span> <span class='ocrx_word' id='word_1_170' title='bbox 1767 2075 1849 2133; x_wconf 86' lang='lat' dir='ltr'><strong>At</strong></span> <span class='ocrx_word' id='word_1_171' title='bbox 1874 2093 2009 2133; x_wconf 82' lang='lat' dir='ltr'><strong>vero</strong></span> <span class='ocrx_word' id='word_1_172' title='bbox 2036 2076 2253 2134; x_wconf 78' lang='lat' dir='ltr'><strong>malum</strong></span> 
     </span>
    </p>

    <p class='ocr_par' dir='ltr' id='par_1_17' title="bbox 458 2171 2256 2245">
     <span class='ocr_line' id='line_1_20' title="bbox 458 2171 2256 2245; baseline 0 -14"><span class='ocrx_word' id='word_1_173' title='bbox 458 2178 545 2231; x_wconf 89' lang='lat' dir='ltr'><strong>est</strong></span> <span class='ocrx_word' id='word_1_174' title='bbox 586 2174 787 2231; x_wconf 84' lang='lat' dir='ltr'><strong>liberos</strong></span> <span class='ocrx_word' id='word_1_175' title='bbox 830 2174 1102 2233; x_wconf 83' lang='lat' dir='ltr'><strong>amittere.</strong></span> <span class='ocrx_word' id='word_1_176' title='bbox 1188 2174 1443 2231; x_wconf 81' lang='lat' dir='ltr'><strong>Malum:</strong></span> <span class='ocrx_word' id='word_1_177' title='bbox 1487 2174 1593 2229; x_wconf 88' lang='lat' dir='ltr'><strong>nisi</strong></span> <span class='ocrx_word' id='word_1_178' title='bbox 1634 2173 1739 2231; x_wconf 90' lang='lat' dir='ltr'><strong>hoc</strong></span> <span class='ocrx_word' id='word_1_179' title='bbox 1778 2173 1935 2245; x_wconf 89' lang='lat' dir='ltr'><strong>peius</strong></span> <span class='ocrx_word' id='word_1_180' title='bbox 1976 2176 2077 2242; x_wconf 83' lang='lat' dir='ltr'><strong>est,</strong></span> <span class='ocrx_word' id='word_1_181' title='bbox 2112 2171 2256 2231; x_wconf 85' lang='lat' dir='ltr'><strong>haec</strong></span> 
     </span>
    </p>

    <p class='ocr_par' dir='ltr' id='par_1_18' title="bbox 457 2271 2255 2440">
     <span class='ocr_line' id='line_1_21' title="bbox 457 2271 2254 2344; baseline 0.001 -16"><span class='ocrx_word' id='word_1_182' title='bbox 457 2271 682 2329; x_wconf 85' lang='lat' dir='ltr'><strong>sufferre</strong></span> <span class='ocrx_word' id='word_1_183' title='bbox 731 2276 788 2328; x_wconf 90' lang='lat' dir='ltr'><strong>et</strong></span> <span class='ocrx_word' id='word_1_184' title='bbox 833 2273 1066 2344; x_wconf 89' lang='lat' dir='ltr'><strong>perpeti.</strong></span> <span class='ocrx_word' id='word_1_185' title='bbox 1151 2272 1204 2330; x_wconf 90' lang='lat'><strong>4.</strong></span> <span class='ocrx_word' id='word_1_186' title='bbox 1252 2271 1407 2341; x_wconf 81' lang='lat' dir='ltr'><strong>Quae</strong></span> <span class='ocrx_word' id='word_1_187' title='bbox 1454 2289 1541 2329; x_wconf 89' lang='lat' dir='ltr'><strong>res</strong></span> <span class='ocrx_word' id='word_1_188' title='bbox 1581 2271 1723 2328; x_wconf 90' lang='lat' dir='ltr'><strong>mihi</strong></span> <span class='ocrx_word' id='word_1_189' title='bbox 1762 2287 1873 2327; x_wconf 89' lang='lat' dir='ltr'><strong>non</strong></span> <span class='ocrx_word' id='word_1_190' title='bbox 1915 2271 2254 2329; x_wconf 80' lang='lat' dir='ltr'><strong>mediocrem</strong></span> 
     </span>
     <span class='ocr_line' id='line_1_22' title="bbox 460 2368 2255 2440; baseline 0.001 -15"><span class='ocrx_word' id='word_1_191' title='bbox 460 2368 882 2426; x_wconf 80' lang='lat' dir='ltr'><strong>consolationem</strong></span> <span class='ocrx_word' id='word_1_192' title='bbox 931 2369 1141 2440; x_wconf 82' lang='lat' dir='ltr'><strong>attulit,</strong></span> <span class='ocrx_word' id='word_1_193' title='bbox 1190 2368 1319 2427; x_wconf 86' lang='lat' dir='ltr'><strong>volo</strong></span> <span class='ocrx_word' id='word_1_194' title='bbox 1362 2368 1471 2426; x_wconf 89' lang='lat' dir='ltr'><strong>tibi</strong></span> <span class='ocrx_word' id='word_1_195' title='bbox 1524 2385 1963 2438; x_wconf 81' lang='lat' dir='ltr'><strong>commemorare,</strong></span> <span class='ocrx_word' id='word_1_196' title='bbox 2014 2368 2063 2425; x_wconf 86' lang='lat' dir='ltr'><strong>si</strong></span> <span class='ocrx_word' id='word_1_197' title='bbox 2102 2369 2255 2427; x_wconf 86' lang='lat' dir='ltr'><strong>forte</strong></span> 
     </span>
    </p>

    <p class='ocr_par' dir='ltr' id='par_1_19' title="bbox 459 2464 2254 2537">
     <span class='ocr_line' id='line_1_23' title="bbox 459 2464 2254 2537; baseline 0 -14"><span class='ocrx_word' id='word_1_198' title='bbox 459 2465 649 2523; x_wconf 87' lang='lat' dir='ltr'><strong>eadem</strong></span> <span class='ocrx_word' id='word_1_199' title='bbox 676 2484 762 2523; x_wconf 88' lang='lat' dir='ltr'><strong>res</strong></span> <span class='ocrx_word' id='word_1_200' title='bbox 789 2466 897 2523; x_wconf 87' lang='lat' dir='ltr'><strong>tibi</strong></span> <span class='ocrx_word' id='word_1_201' title='bbox 923 2465 1164 2524; x_wconf 92' lang='lat' dir='ltr'><strong>dolorem</strong></span> <span class='ocrx_word' id='word_1_202' title='bbox 1192 2466 1380 2523; x_wconf 90' lang='lat' dir='ltr'><strong>minue</strong></span> <span class='ocrx_word' id='word_1_203' title='bbox 1471 2464 1621 2537; x_wconf 86' lang='lat' dir='ltr'><strong>possi</strong></span> <span class='ocrx_word' id='word_1_204' title='bbox 1750 2464 1839 2520; x_wconf 86' lang='lat' dir='ltr'><strong>Ex</strong></span> <span class='ocrx_word' id='word_1_205' title='bbox 1866 2464 2004 2520; x_wconf 80' lang='lat' dir='ltr'><strong>Asia</strong></span> <span class='ocrx_word' id='word_1_206' title='bbox 2029 2464 2254 2523; x_wconf 86' lang='lat' dir='ltr'><strong>rediens</strong></span> 
     </span>
    </p>

    <p class='ocr_par' dir='ltr' id='par_1_20' title="bbox 460 2541 2252 2651">
     <span class='ocr_line' id='line_1_24' title="bbox 460 2541 2252 2651; baseline -0.001 -31"><span class='ocrx_word' id='word_1_207' title='bbox 460 2581 584 2620; x_wconf 88' lang='lat' dir='ltr'><strong>cum</strong></span> <span class='ocrx_word' id='word_1_208' title='bbox 652 2563 724 2620; x_wconf 82' lang='lat' dir='ltr'><strong>ab</strong></span> <span class='ocrx_word' id='word_1_209' title='bbox 790 2562 1005 2635; x_wconf 80' lang='lat' dir='ltr'><strong>Aegina</strong></span> <span class='ocrx_word' id='word_1_210' title='bbox 1073 2564 1360 2651; x_wconf 54' lang='lat' dir='ltr'><strong>Megaram</strong></span> <span class='ocrx_word' id='word_1_211' title='bbox 1516 2541 1619 2619; x_wconf 57' lang='lat' dir='ltr'><strong>*ils</strong></span> <span class='ocrx_word' id='word_1_212' title='bbox 1689 2562 2024 2633; x_wconf 72' lang='lat' dir='ltr'><strong>navigarem,</strong></span> <span class='ocrx_word' id='word_1_213' title='bbox 2092 2565 2252 2636; x_wconf 90' lang='lat' dir='ltr'><strong>coepi</strong></span> 
     </span>
    </p>

    <p class='ocr_par' dir='ltr' id='par_1_21' title="bbox 458 2624 2290 3311">
     <span class='ocr_line' id='line_1_25' title="bbox 459 2624 2248 2734; baseline -0.002 -17"><span class='ocrx_word' id='word_1_214' title='bbox 459 2661 704 2732; x_wconf 88' lang='lat' dir='ltr'><strong>regiones</strong></span> <span class='ocrx_word' id='word_1_215' title='bbox 732 2660 1078 2718; x_wconf 79' lang='lat' dir='ltr'><strong>circumcirca</strong></span> <span class='ocrx_word' id='word_1_216' title='bbox 1087 2624 1443 2734; x_wconf 44' lang='lat' dir='ltr'><strong>ffiffi&#39;icere.</strong></span> <span class='ocrx_word' id='word_1_217' title='bbox 1531 2659 1668 2717; x_wconf 86' lang='lat' dir='ltr'><strong>Post</strong></span> <span class='ocrx_word' id='word_1_218' title='bbox 1710 2676 1801 2715; x_wconf 89' lang='lat' dir='ltr'><strong>me</strong></span> <span class='ocrx_word' id='word_1_219' title='bbox 1848 2662 1969 2716; x_wconf 84' lang='lat' dir='ltr'><strong>erat</strong></span> <span class='ocrx_word' id='word_1_220' title='bbox 2012 2658 2248 2731; x_wconf 82' lang='lat' dir='ltr'><strong>Aegina,</strong></span> 
     </span>
     <span class='ocr_line' id='line_1_26' title="bbox 460 2755 2247 2830; baseline 0 -15"><span class='ocrx_word' id='word_1_221' title='bbox 460 2762 590 2815; x_wconf 85' lang='lat' dir='ltr'><strong>ante</strong></span> <span class='ocrx_word' id='word_1_222' title='bbox 633 2774 721 2814; x_wconf 92' lang='lat' dir='ltr'><strong>me</strong></span> <span class='ocrx_word' id='word_1_223' title='bbox 773 2757 1017 2830; x_wconf 82' lang='lat' dir='ltr'><strong>Megara,</strong></span> <span class='ocrx_word' id='word_1_224' title='bbox 1063 2758 1263 2816; x_wconf 83' lang='lat' dir='ltr'><strong>dextra</strong></span> <span class='ocrx_word' id='word_1_225' title='bbox 1308 2758 1581 2827; x_wconf 85' lang='lat' dir='ltr'><strong>Piraeeus,</strong></span> <span class='ocrx_word' id='word_1_226' title='bbox 1628 2756 1856 2813; x_wconf 83' lang='lat' dir='ltr'><strong>sinistra</strong></span> <span class='ocrx_word' id='word_1_227' title='bbox 1905 2755 2247 2815; x_wconf 81' lang='lat' dir='ltr'><strong>Corinthus:</strong></span> 
     </span>
     <span class='ocr_line' id='line_1_27' title="bbox 458 2854 2251 2928; baseline 0 -16"><span class='ocrx_word' id='word_1_228' title='bbox 458 2872 599 2927; x_wconf 79' lang='lat' dir='ltr'><strong>quae</strong></span> <span class='ocrx_word' id='word_1_229' title='bbox 627 2855 829 2927; x_wconf 81' lang='lat' dir='ltr'><strong>oppida</strong></span> <span class='ocrx_word' id='word_1_230' title='bbox 855 2855 1092 2927; x_wconf 83' lang='lat' dir='ltr'><strong>quodam</strong></span> <span class='ocrx_word' id='word_1_231' title='bbox 1121 2860 1367 2928; x_wconf 89' lang='lat' dir='ltr'><strong>tempore</strong></span> <span class='ocrx_word' id='word_1_232' title='bbox 1394 2854 1783 2911; x_wconf 82' lang='lat' dir='ltr'><strong>florentissima</strong></span> <span class='ocrx_word' id='word_1_233' title='bbox 1824 2854 2065 2926; x_wconf 88' lang='lat' dir='ltr'><strong>fuerunt,</strong></span> <span class='ocrx_word' id='word_1_234' title='bbox 2098 2871 2251 2912; x_wconf 89' lang='lat' dir='ltr'><strong>nunc</strong></span> 
     </span>
     <span class='ocr_line' id='line_1_28' title="bbox 459 2950 2249 3024; baseline 0.001 -17"><span class='ocrx_word' id='word_1_235' title='bbox 459 2956 735 3024; x_wconf 82' lang='lat' dir='ltr'><strong>prostrata</strong></span> <span class='ocrx_word' id='word_1_236' title='bbox 775 2956 835 3008; x_wconf 90' lang='lat' dir='ltr'><strong>et</strong></span> <span class='ocrx_word' id='word_1_237' title='bbox 879 2950 1066 3009; x_wconf 81' lang='lat' dir='ltr'><strong>diruta</strong></span> <span class='ocrx_word' id='word_1_238' title='bbox 1108 2956 1241 3009; x_wconf 87' lang='lat' dir='ltr'><strong>ante</strong></span> <span class='ocrx_word' id='word_1_239' title='bbox 1285 2950 1469 3007; x_wconf 85' lang='lat' dir='ltr'><strong>oculos</strong></span> <span class='ocrx_word' id='word_1_240' title='bbox 1523 2950 1721 3007; x_wconf 80' lang='lat' dir='ltr'><strong>iacent.</strong></span> <span class='ocrx_word' id='word_1_241' title='bbox 1808 2950 1978 3021; x_wconf 83' lang='lat' dir='ltr'><strong>Coepi</strong></span> <span class='ocrx_word' id='word_1_242' title='bbox 2026 2955 2249 3021; x_wconf 88' lang='lat' dir='ltr'><strong>egomet</strong></span> 
     </span>
     <span class='ocr_line' id='line_1_29' title="bbox 459 3046 2250 3119; baseline -0.001 -15"><span class='ocrx_word' id='word_1_243' title='bbox 459 3065 674 3105; x_wconf 92' lang='lat' dir='ltr'><strong>mecum</strong></span> <span class='ocrx_word' id='word_1_244' title='bbox 702 3048 780 3103; x_wconf 83' lang='lat' dir='ltr'><strong>sic</strong></span> <span class='ocrx_word' id='word_1_245' title='bbox 807 3049 1046 3119; x_wconf 78' lang='lat' dir='ltr'><strong>cogitare</strong></span> <span class='ocrx_word' id='word_1_246' title='bbox 1070 3070 1083 3107; x_wconf 72' lang='grc' dir='ltr'>ε</span> <span class='ocrx_word' id='word_1_247' title='bbox 1125 3055 1140 3082; x_wconf 89' lang='lat'>‘</span> <span class='ocrx_word' id='word_1_248' title='bbox 1165 3049 1315 3105; x_wconf 88' lang='lat' dir='ltr'><strong>Hem</strong></span> <span class='ocrx_word' id='word_1_249' title='bbox 1339 3050 1351 3106; x_wconf 79' lang='lat' dir='ltr'><strong>l</strong></span> <span class='ocrx_word' id='word_1_250' title='bbox 1394 3065 1493 3105; x_wconf 86' lang='lat' dir='ltr'><strong>nos</strong></span> <span class='ocrx_word' id='word_1_251' title='bbox 1521 3046 1843 3104; x_wconf 89' lang='lat' dir='ltr'><strong>homunculi</strong></span> <span class='ocrx_word' id='word_1_252' title='bbox 1870 3046 2250 3119; x_wconf 81' lang='lat' dir='ltr'><strong>indignamur,-</strong></span> 
     </span>
     <span class='ocr_line' id='line_1_30' title="bbox 459 3145 2290 3217; baseline -0.001 -15"><span class='ocrx_word' id='word_1_253' title='bbox 459 3146 510 3202; x_wconf 84' lang='lat' dir='ltr'><strong>si</strong></span> <span class='ocrx_word' id='word_1_254' title='bbox 561 3146 686 3217; x_wconf 85' lang='lat' dir='ltr'><strong>quis</strong></span> <span class='ocrx_word' id='word_1_255' title='bbox 740 3149 992 3202; x_wconf 86' lang='lat' dir='ltr'><strong>nostrum</strong></span> <span class='ocrx_word' id='word_1_256' title='bbox 1040 3147 1256 3203; x_wconf 87' lang='lat' dir='ltr'><strong>interiit</strong></span> <span class='ocrx_word' id='word_1_257' title='bbox 1304 3150 1404 3201; x_wconf 82' lang='lat' dir='ltr'><strong>aut</strong></span> <span class='ocrx_word' id='word_1_258' title='bbox 1444 3145 1652 3201; x_wconf 86' lang='lat' dir='ltr'><strong>occisus</strong></span> <span class='ocrx_word' id='word_1_259' title='bbox 1698 3148 1798 3213; x_wconf 86' lang='lat' dir='ltr'><strong>est,</strong></span> <span class='ocrx_word' id='word_1_260' title='bbox 1848 3161 2083 3215; x_wconf 87' lang='lat' dir='ltr'><strong>quorum</strong></span> <span class='ocrx_word' id='word_1_261' title='bbox 2124 3145 2249 3201; x_wconf 84' lang='lat' dir='ltr'><strong>vita</strong></span> <span class='ocrx_word' id='word_1_262' title='bbox 2280 3149 2290 3157; x_wconf 80' lang='lat'>‘</span> 
     </span>
     <span class='ocr_line' id='line_1_31' title="bbox 461 3240 2249 3311; baseline 0.001 -14"><span class='ocrx_word' id='word_1_263' title='bbox 461 3242 678 3299; x_wconf 86' lang='lat' dir='ltr'><strong>brevior</strong></span> <span class='ocrx_word' id='word_1_264' title='bbox 725 3260 841 3299; x_wconf 87' lang='lat' dir='ltr'><strong>esse</strong></span> <span class='ocrx_word' id='word_1_265' title='bbox 890 3241 1070 3311; x_wconf 90' lang='lat' dir='ltr'><strong>debet,</strong></span> <span class='ocrx_word' id='word_1_266' title='bbox 1107 3260 1232 3299; x_wconf 86' lang='lat' dir='ltr'><strong>cum</strong></span> <span class='ocrx_word' id='word_1_267' title='bbox 1272 3258 1383 3297; x_wconf 86' lang='lat' dir='ltr'><strong>uno</strong></span> <span class='ocrx_word' id='word_1_268' title='bbox 1425 3240 1542 3297; x_wconf 93' lang='lat' dir='ltr'><strong>loco</strong></span> <span class='ocrx_word' id='word_1_269' title='bbox 1570 3243 1658 3296; x_wconf 92' lang='lat' dir='ltr'><strong>tot</strong></span> <span class='ocrx_word' id='word_1_270' title='bbox 1687 3240 1947 3311; x_wconf 78' lang='lat' dir='ltr'><strong>oppidfim</strong></span> <span class='ocrx_word' id='word_1_271' title='bbox 1977 3240 2249 3299; x_wconf 82' lang='lat' dir='ltr'><strong>cadavera</strong></span> 
     </span>
    </p>
   </div>
   <div class='ocr_carea' id='block_1_3' title="bbox 433 3322 1090 3492">
    <p class='ocr_par' dir='ltr' id='par_1_22' title="bbox 433 3322 1090 3492">
     <span class='ocr_line' id='line_1_32' title="bbox 433 3322 1090 3415; baseline 0 -14"><span class='ocrx_word' id='word_1_272' title='bbox 433 3370 536 3399; x_wconf 33' lang='grc'><strong>«1.,</strong></span> <span class='ocrx_word' id='word_1_273' title='bbox 688 3322 786 3391; x_wconf 49' lang='lat' dir='ltr'><strong>w„</strong></span> <span class='ocrx_word' id='word_1_274' title='bbox 816 3336 1090 3415; x_wconf 36' lang='lat' dir='ltr'><strong>&amp;3050ae</strong></span> 
     </span>
     <span class='ocr_line' id='line_1_33' title="bbox 628 3416 896 3492; baseline 0.019 -5"><span class='ocrx_word' id='word_1_275' title='bbox 628 3416 896 3492; x_wconf 48' lang='lat' dir='ltr'><strong>„mee</strong></span> 
     </span>
    </p>
   </div>
  </div>
 </body>
</html>
