2434 3734
437 276 530 325 122
972 261 1687 341 ΗΖΕ-(Μ)
1871 282 2024 378 fg

433 450 609 507 neque
637 432 990 504 indiligenter
1009 448 1186 504 neque
1213 429 1558 487 illiberaliter
1636 382 2233 542 ‹Pi-&mim

434 534 498 587 ut
534 529 780 600 mandas,
812 533 870 585 et
911 546 991 601 ea,
1023 545 1164 600 quae
1205 527 1414 599 scribis,
1448 545 1517 584 ex
1601 519 1781 585 aufeio
1822 528 1881 584 et
1921 545 1952 585 e
1992 527 2233 586 Xenone

16 594 124 765 ΜΞ
137 600 284 751 <2¹5
315 605 365 655 Γ
395 715 403 726 -
432 626 961 878 {znrsffiffln
975 624 2231 795 &emir

423 824 490 899 ¹te
530 820 645 876 nih·
765 819 1013 877 fellisset.
1127 819 1339 876 Verum
1380 822 1584 878 tamen.
1630 864 1643 877 .
1690 862 1703 876 .
1750 862 1764 875 .
1814 817 1925 876 Sed
1964 823 2229 892 exspecto

431 917 566 991 quid
606 918 700 975 ille
741 922 940 989 tecum,
979 917 1115 991 quid
1155 921 1223 974 tu
1262 917 1521 989 vicissim,
1567 933 1667 973 nec
1707 915 1904 973 dubito
1946 917 2079 989 quin
2122 935 2228 974 suo

63 1055 84 1112 f
129 1054 146 1102 Χ
173 1025 340 1144 [ἄν
421 1032 580 1073 ‘more
619 1005 863 1089 uterque.
951 1014 1062 1073 Sed
1089 1032 1181 1073 eas
1208 1014 1426 1071 litteras
1455 1013 1686 1071 Curium
1726 1014 1867 1098 mihi
1906 1032 2063 1087 spero
2104 1014 2228 1071 red-

39 1104 47 1114 “
59 1121 93 1196 ξ,
111 1097 251 1210 ⁴1·sp
303 1114 695 1207 thm,
720 1114 825 1198 Qi
873 1113 1109 1186 quidem,
1143 1112 1251 1170 etsi
1292 1130 1390 1184 per
1429 1128 1487 1168 se
1528 1116 1614 1168 est
1655 1110 1909 1168 amabilis
1950 1129 1985 1167 a
2024 1130 2227 1185 meque

31 1193 239 1310 (selmo
275 1198 323 1287 'k
344 1202 697 1283 „affiligitun
729 1215 918 1267 tamen
943 1208 1164 1266 accedet
1191 1226 1423 1281 magnus
1451 1207 1703 1265 cumulus
1730 1208 2225 1266 commendationis

33 1295 49 1308 ⁹
85 1325 132 1358 m
185 1297 576 1372 ,—,r':-·“·“'*tuae.
666 1308 718 1365 4.
765 1307 996 1364 Litteris
1025 1307 1139 1363 tuis
1181 1306 1318 1362 satis
1359 1323 1679 1379 responsum
1720 1310 1840 1363 est:
1884 1323 2029 1362 nunc
2068 1306 2219 1379 audi,

429 1406 596 1479 quod,
628 1406 734 1462 etsi
761 1404 1022 1477 intellego
1049 1404 1216 1462 scribi
1244 1422 1462 1462 necesse
1500 1422 1610 1461 non
1638 1422 1770 1476 esse,
1801 1405 1979 1462 scribo
2011 1409 2219 1463 tamen.

431 1502 620 1559 Multa
645 1519 734 1558 me
761 1505 987 1558 movent
1015 1501 1073 1557 in
1101 1500 1359 1573 discessu,
1391 1501 1449 1557 in
1484 1500 1678 1573 primis
1716 1500 2039 1574 mehercule,
2072 1504 2224 1575 quod

431 1600 686 1671 diiungor
725 1617 760 1655 a
799 1603 890 1657 te:
946 1603 1134 1655 movet
1174 1599 1346 1656 etiam
1385 1598 1759 1671 navigationis
1806 1598 1962 1656 labor
2009 1600 2221 1658 alienus

429 1714 540 1757 non
589 1698 660 1754 ab
707 1700 890 1753 aetate
937 1696 1115 1753 solum
1163 1700 1369 1768 nostra,
1413 1713 1605 1752 verum
1651 1696 1821 1752 etiam
1869 1714 1903 1778 a
1946 1696 2222 1769 dignitate

431 1800 758 1869 tempusque
799 1795 1067 1852 discessus
1109 1793 1529 1851 subabsurdum.
1647 1793 2031 1866 Relinquimus
2072 1797 2221 1853 enim

429 1912 635 1967 pacem,
680 1897 747 1949 ut
787 1892 859 1949 ad
899 1892 1108 1950 bellum
1148 1896 1506 1963 revertamur,
1554 1891 1809 1966 quodque
1856 1893 2120 1964 temporis
2162 1894 2221 1951 in

431 1990 720 2066 praediolis
768 1989 972 2047 nostris
1020 1996 1078 2047 et
1123 1989 1268 2046 belle
1315 1988 1619 2045 aedificatis
1673 1993 1732 2045 et
1786 1989 1923 2045 satis
1978 1991 2221 2047 amoenis

417 2089 678 2156 ,consumi
730 2088 930 2161 potuit,
983 2089 1042 2144 in
1089 2088 1525 2160 peregrinatione
1580 2088 1965 2145 consumimus.
2079 2087 2221 2146 Gon-

418 2179 680 2243 'solantur
743 2184 910 2241 haec:
981 2190 1080 2240 aut
1144 2184 1485 2257 proderimus
1546 2183 1777 2256 aliquid·
1812 2182 2060 2241 Ciceroni
2120 2193 2220 2245 aut

433 2289 701 2358 quantum
743 2284 930 2356 profici
970 2283 1146 2355 possit
1187 2282 1569 2340 iudicabimus.
1657 2281 1873 2339 Deinde
1903 2288 1967 2339 tu
1993 2284 2121 2356 iam,
2153 2290 2220 2342 ut

431 2400 589 2455 spero
616 2386 674 2438 et
703 2386 767 2436 ut
794 2381 1088 2453 promittis,
1122 2380 1317 2439 aderis.
1405 2380 1565 2449 Quod
1594 2379 1816 2453 quidem
1852 2381 1900 2437 si
1942 2381 2214 2453 acciderit,

432 2479 616 2537 omnia
643 2477 800 2534 nobis
827 2482 990 2535 erunt
1017 2466 1259 2538 meliora.
1346 2478 1399 2535 5.
1446 2478 1691 2535 Maxime
1719 2484 1905 2536 autem
1934 2496 2023 2537 me
2062 2482 2219 2553 angit

432 2578 574 2634 ratio
629 2576 964 2648 reliquorum
1018 2592 1300 2633 meorum:
1362 2592 1504 2648 quae
1558 2593 1893 2648 quamquam
1948 2575 2219 2649 explicata

433 2678 579 2745 sunt,
611 2677 815 2742 tamen,
847 2672 994 2745 quod
1036 2677 1093 2729 et
1135 2670 1461 2729 Dolabellae
1504 2689 1702 2728 nomen
1744 2672 1804 2728 in
1846 2672 1914 2729 iis
1952 2677 2038 2730 est
2065 2678 2122 2729 et
2150 2692 2219 2729 ex

433 2771 796 2829 attributione
838 2769 977 2826 mihi
1016 2769 1241 2826 nomina
1280 2769 1485 2841 ignota,
1519 2770 1829 2841 conturbor,
1862 2788 1961 2827 nec
1988 2788 2076 2827 me
2102 2771 2221 2829 ulla

433 2889 518 2927 res
566 2868 741 2941 magis
789 2868 945 2940 angit
986 2885 1055 2923 ex
1102 2867 1370 2926 omnibus.
1460 2867 1659 2941 Itaque
1701 2886 1811 2925 non
1852 2868 1989 2925 mihi
2029 2868 2221 2926 videor

433 2984 653 3037 errasse,
687 2966 833 3038 quod
867 2964 938 3021 ad
972 2964 1210 3021 Balbum
1245 2964 1438 3037 scripsi
1466 2966 1727 3038 apertius,
1757 2969 1838 3039 ut,
1869 2966 1917 3023 si
1946 2965 2079 3038 quid
2106 2966 2220 3023 tale

433 3063 733 3133 accidisset,
760 3067 824 3118 ut
852 3079 961 3118 non
989 3067 1371 3119 concurrerent
1400 3062 1637 3133 nomina,
1664 3062 1999 3133 subveniret,
2025 3080 2221 3135 meque

433 3161 539 3218 tibi
587 3161 756 3217 etiam
805 3159 1108 3231 mandasse,
1159 3163 1243 3231 ut,
1289 3160 1337 3215 si
1379 3159 1513 3231 quid
1561 3160 1677 3215 eius
1718 3159 1868 3216 modi
1912 3158 2217 3233 accidisset,

433 3275 558 3315 cum
607 3274 671 3313 eo
719 3256 1180 3315 communicares:
1244 3256 1391 3329 quod
1435 3256 1617 3328 facies,
1666 3256 1713 3312 si
1764 3255 1869 3312 tibi
1918 3256 2216 3329 videbitur,

107 1376 153 1402 μὶ

2233 1578 2287 1626 2„

2416 3134 2418 3143 η
