2434 3734
407 243 466 290 64
821 238 1030 288 xxxv.
1069 226 1239 303 (A'r'r.
1279 238 1369 288 v1.
1408 241 1456 301 1,
1489 230 1545 303 §g
1580 229 1761 306 17-26)

405 397 628 469 quidem
657 399 910 452 nostrum
939 394 1122 451 omnia
1162 399 1381 465 praeter
1410 394 1780 450 Tusculanum
1815 394 2198 467 proscripsisse

404 493 580 550 audio.
665 492 842 563 Cupio
868 492 970 549 hos
997 490 1284 563 expeditos
1312 491 1512 563 videre,
1546 492 1706 565 cupio
1734 492 1902 548 etiam
1932 490 2193 562 Sestium,

405 591 560 663 adde,
593 590 684 661 siS,
719 589 986 660 Caelium,
1019 590 1078 645 in
1106 589 1309 662 quibus
1338 590 1594 646 omnibus
1620 594 1723 661 est,

566 718 826 777 αἴδεσθεν
859 716 964 793 μὲν
1001 715 1339 795 ἀνήνασθαι,
1382 717 1576 776 δεῖσαν
1618 717 1662 774 δ’
1704 715 2032 793 ὑποδέχθαι.

403 868 492 925 De
547 867 812 925 Memmio
866 866 1208 924 restituendo
1262 871 1329 922 ut
1386 865 1553 922 Curio
1606 867 1813 938 cogitet
1866 870 1923 922 16
1979 864 2198 922 audisse

403 970 554 1037 puto.
641 963 729 1020 De
773 962 1000 1035 Egnatii
1042 962 1276 1021 Sidicini
1303 963 1522 1019 nomine
1550 979 1650 1018 nec
1676 962 1831 1019 nulla
1870 981 1970 1020 nec
1996 981 2199 1035 magna

404 1080 500 1135 spe
525 1079 732 1119 sumus.
820 1061 1121 1133 Pinarium,
1155 1078 1321 1133 quem
1338 1060 1477 1117 mihi
1504 1060 1869 1131 commendas,
1895 1060 2197 1133 diligentis-

404 1162 540 1217 sime
567 1160 865 1217 Deiotarus
907 1163 1065 1215 curat
1104 1158 1349 1230 graviter
1385 1175 1621 1229 aegrum.
1712 1156 1993 1231 Respondi
2026 1160 2195 1215 etiam

405 1257 614 1315 minori.
706 1256 798 1314 24.
845 1256 931 1312 Tu
971 1255 1154 1327 velim,
1200 1256 1334 1311 dum
1384 1272 1475 1311 ero
1524 1254 1841 1328 Laodiceae,
1886 1256 1946 1312 id
1986 1261 2087 1327 est,
2125 1257 2197 1313 ad

405 1355 542 1411 Idus
573 1384 579 1389 ·
617 1353 814 1421 Maias,
888 1371 1052 1425 quam
1126 1352 1447 1424 saepissime
1520 1370 1737 1409 mecum
1809 1371 1908 1426 per
1980 1354 2197 1411 litteras

407 1452 728 1525 colloquare,
771 1456 829 1508 et
869 1468 994 1507 011111
1035 1450 1288 1507 Athenas
1328 1450 1735 1507 veneris—iam
1776 1452 1924 1508 enim
1965 1452 2197 1509 sciemus

407 1550 474 1607 de
515 1550 678 1606 rebus
719 1547 958 1619 urbanis,
990 1548 1059 1605 de
1099 1547 1409 1620 provinciis,
1448 1565 1589 1620 quae
1631 1549 1815 1605 omnia
1854 1550 1913 1604 in
1954 1566 2227 1605 mensem·

407 1648 677 1705 Martium
717 1650 850 1703 sunt
891 1644 1366 1717 collata—utique
1408 1644 1480 1702 ad
1519 1663 1608 1702 me
1640 1645 1955 1703 tabellarios
1984 1647 2192 1705 mittas.

408 1746 499 1804 25.
549 1744 624 1802 Et
678 1743 814 1800 heus
870 1748 949 1814 tu,
1009 1744 1190 1800 iamne
1245 1760 1344 1799 vos
1399 1760 1435 1799 a
1489 1742 1722 1800 Caesare
1768 1761 1867 1815 per
1916 1743 2194 1801 Herodem

410 1842 619 1899 talenta
658 1840 852 1898 Attica
877 1856 928 1898 L.
961 1839 1308 1897 extorsistis‘l
1347 1840 1406 1895 in
1448 1858 1572 1911 que,
1604 1845 1689 1896 ut*
1710 1839 1889 1912 audio,
1934 1859 2199 1913 magnum

407 1939 594 1998 odium
636 1939 885 2011 Pompeii
925 1938 1258 2011 suscepistis.
1345 1938 1522 1995 Putat
1575 1939 1722 1995 enim
1770 1956 1895 1995 suos
1944 1958 2199 1998 nummos

407 2055 506 2094 vos
533 2036 844 2108 comedisse,
879 2036 1168 2094 Gaesarem
1195 2036 1254 2091 in
1283 2035 1524 2093 Nemore
1560 2035 1897 2093 aedificando
1924 2036 2199 2109 diligenti-

409 2152 557 2192 orem
597 2133 723 2192 fore.
814 2134 969 2191 Haec
1008 2152 1109 2207 ego
1137 2151 1206 2190 ex
1234 2133 1295 2191 P.
1330 2133 1521 2204 Vedio,
1554 2151 1755 2206 magno
1782 2134 2067 2205 nebulone,
2100 2135 2198 2191 sed

410 2232 661 2303 Pompeii
688 2236 876 2289 tamen
902 2231 1178 2302 familiari,
1206 2232 1410 2289 audivi.
1500 2230 1611 2287 Hie
1639 2229 1849 2287 Vedius
1876 2232 2032 2287 venit
2060 2231 2199 2287 mihi

409 2329 482 2386 ob
529 2329 678 2385 viam
726 2342 852 2385 011111
898 2328 1113 2385 duobus
1161 2328 1364 2385 essedis
1414 2332 1471 2385 et
1518 2328 1651 2385 reda
1703 2329 1857 2401 equis
1903 2329 2093 2395 iuncta
2139 2334 2199 2385 et

335 2420 340 2426 ⁴
408 2426 604 2483 1601106
670 2430 728 2483 61
795 2425 1008 2483 familia
1073 2444 1275 2499 magna
1342 2444 1439 2498 pro
1509 2444 1633 2500 qua,
1692 2426 1741 2482 si
1795 2424 1962 2483 Curio
2019 2424 2197 2497 legem

409 2523 712 2597 pertulerit,
787 2523 888 2581 HS
957 2528 1214 2581 centenos
1282 2523 1489 2596 pendat
1556 2540 1773 2579 necesse
1840 2527 1941 2580 est.
2058 2522 2198 2580 Erat

409 2626 692 2695 praeterea
745 2620 1142 2693 cynocephalus
1195 2621 1254 2676 in
1309 2619 1499 2678 essedo
1554 2638 1653 2677 nee
1707 2621 1934 2677 deerant
1988 2621 2193 2693 onagri.

413 2720 734 2792 Numquam
787 2717 905 2775 vidi
958 2717 1236 2775 hominem
1292 2718 1621 2790 nequiorem.
1726 2717 1836 2775 Sed
1890 2722 2197 2774 extremum

411 2816 555 2874 audi.
689 2815 1028 2873 Deversatus
1108 2819 1194 2871 est
1276 2814 1576 2872 Laodiceae
1650 2814 1797 2887 apud
1872 2815 2197 2887 Pompeium

411 2913 774 2971 Vindullum:
816 2912 896 2969 ibi
937 2930 1038 2968 sua
1078 2911 1346 2983 deposuit,
1381 2930 1505 2968 cum
1546 2912 1618 2969 ad
1646 2930 1735 2970 me
1775 2911 2050 2984 profectus
2091 2917 2191 2969 est.

412 3011 653 3068 Moritur
725 3010 949 3066 interim
1024 3007 1340 3079 Vindullus,
1412 3028 1552 3081 quae
1626 3028 1713 3067 res
1780 3010 1853 3065 ad
1927 3009 2197 3080 Magnum

411 3102 784 3186 [Pompeium]
822 3106 1093 3179 pertinere
1121 3107 1439 3178 putabatur.
1528 3105 1589 3163 O.
1623 3106 1944 3164 Vennonius
1972 3105 2198 3163 domum

411 3203 666 3262 Vindulli
707 3204 894 3261 veuit:
938 3220 1061 3262 cum
1105 3203 1289 3261 omnia
1330 3204 1643 3277 obsignaret
1684 3206 1742 3263 in
1792 3202 2069 3261 Vedianas
2110 3220 2199 3262 res
