2434 3734
809 289 1034 340 mn.
1071 279 1244 357 (A‘m’.
1284 289 1345 339 V.
1384 277 1475 358 20)
1978 289 2039 338 a:

251 445 484 517 appello,
515 461 656 516 quae
684 445 864 500 virtus
894 443 1172 515 voluptati
1211 441 1465 500 resistere
1498 441 1733 499 videtur.
1820 441 1941 514 Ego
1982 441 2041 498 in

251 543 374 598 vita
411 559 536 598 mea
574 539 730 597 nulla
767 557 1034 613 umquam
1074 539 1364 612 voluptate
1404 543 1567 596 tanta
1604 557 1731 596 sum
1770 538 2039 610 adfectus,

251 645 462 712 quanta
487 639 714 696 adficior
737 638 842 695 hac
867 637 1206 710 integritate.
1292 637 1351 694 N
1353 655 1415 694 ec
1440 655 1531 695 me
1558 643 1677 694 tam
1704 637 1869 708 fama,
1900 653 2043 710 quse

250 755 470 794 summa
493 741 596 807 est,
627 753 797 809 quam
823 753 910 792 res
935 735 1058 807 ipsa
1077 734 1335 792 delectat.
1409 733 1557 803 Quid
1584 733 1841 806 quaeris}
1908 731 2043 790 Fuit

251 835 434 891 tanti:
475 851 565 890 me
603 833 722 905 ipse
749 850 860 889 non
888 849 1080 888 noram
1107 850 1208 889 nec
1236 831 1374 888 satis
1406 830 1647 888 sciebam
1674 831 1811 904 quid
1840 831 1899 886 in
1940 829 2043 888 hoc

249 949 446 1003 genere
465 930 643 988 facete
663 947 916 1002 possem:
957 935 1104 986 recte
1125 925 1509 1002 πεφισῖωμαι.
1596 927 1759 986 Nihil
1785 935 1873 986 est
1892 946 2043 1002 prae-

249 1027 465 1085 clm-ius,
551 1027 786 1084 Interim
805 1027 942 1084 haec
971 1023 1225 1100 λαμπρά.
1312 1027 1710 1084 Ariobarzanes
1738 1043 1901 1100 opem
1920 1043 2045 1084 mea

249 1122 410 1192 vivit,
433 1126 642 1192 regnat.
730 1119 830 1176 Ἐν
855 1115 1104 1195 παρόδῳ,
1129 1119 1357 1178 consilio
1376 1125 1437 1178 et
1462 1121 1795 1178 auctoritate
1816 1124 1875 1177 et
1895 1119 2043 1192 quod

249 1220 664 1277 insidiatoribus
718 1219 836 1276 eius
889 1213 1206 1292 ἀπρόσιτον
1258 1235 1347 1276 me
1400 1235 1513 1276 non
1566 1217 1731 1276 modo
1779 1213 2043 1292 ἀδωροδό-

253 1338 428 1390 κητον
479 1316 724 1390 praebui,
783 1333 968 1388 regem
1021 1333 1362 1388 regnumque
1416 1315 1647 1374 servavi.
1734 1314 1961 1373 Interea
2012 1333 2043 1372 e

251 1416 600 1490 Cappadocia
638 1433 708 1472 ne
747 1415 926 1488 pilum
967 1415 1528 1488 quidem—Brutum
1568 1415 1847 1472 abiectum
1874 1431 2043 1488 quan-

251 1518 374 1570 tum
400 1514 558 1586 potui
585 1513 840 1583 excitavi,
870 1530 1036 1585 quem
1062 1531 1172 1569 non
1199 1512 1384 1570 minus
1411 1530 1537 1570 amo
1564 1529 1729 1586 quam
1758 1517 1841 1583 tu,
1870 1529 2045 1584 paene

251 1611 384 1681 dixi,
430 1628 599 1682 quam
646 1608 996 1683 te.—Atque
1044 1611 1214 1668 etiam
1262 1627 1421 1684 spero
1465 1615 1587 1668 toto
1633 1627 1780 1666 anno
1826 1609 2043 1682 imperii

251 1710 426 1766 nostri
465 1707 776 1766 teruncium
803 1712 1059 1781 sumptus
1099 1710 1158 1765 in
1198 1709 1483 1782 provincia
1522 1707 1739 1766 nullum
1766 1706 1897 1766 fore.
1986 1705 2037 1766 7.

252 1805 444 1863 Habes
491 1806 690 1864 omnia.
797 1804 962 1862 Nunc
1007 1805 1226 1878 publice
1272 1806 1490 1864 litteras
1540 1805 1775 1862 Romam
1820 1805 2043 1863 mittere

251 1902 527 1976 parabam.
613 1901 912 1959 Uberiores
941 1907 1120 1974 erunt,
1144 1920 1313 1975 quam
1341 1901 1391 1959 si
1418 1919 1486 1959 ex
1512 1901 1731 1958 Amano
1752 1901 2038 1960 misissem.

251 2001 330 2057 At
360 2005 417 2056 te
445 2000 655 2058 Romae
681 2017 792 2056 non
818 1999 967 2058 fore!
1052 1999 1162 2057 Sed
1191 2004 1279 2056 est
1305 2003 1505 2071 totum,
1537 1998 1683 2072 quod
1713 1998 1842 2056 Kal.
1869 1999 2036 2058 Mart.

249 2097 504 2154 futurum
531 2101 631 2154 est.
718 2096 924 2154 Vereor
963 2097 1112 2154 enim
1153 2114 1238 2167 ne,
1271 2113 1397 2154 cum
1424 2096 1493 2153 de
1522 2096 1803 2171 provincia
1828 2102 2037 2170 agetur,

251 2195 300 2251 si
344 2193 547 2250 Caesar
587 2193 824 2264 resistet,
869 2210 970 2250 nos
1013 2193 1363 2251 retineamur.
1453 2192 1563 2250 His
1610 2197 1675 2250 tu
1716 2193 1766 2249 si
1806 2193 2037 2266 adesses,

251 2290 390 2347 nihil
445 2291 712 2348 timerem.
801 2289 854 2348 8.
914 2289 1103 2347 Redeo
1157 2289 1230 2346 ad
1285 2289 1531 2347 urbana:
1594 2306 1736 2362 quae
1790 2307 1891 2364 ego
1944 2289 2040 2348 diu

250 2387 506 2458 ignorans
535 2403 604 2442 ex
635 2385 749 2441 tuis
776 2385 1185 2442 iucundissimis
1226 2384 1431 2442 litteris
1458 2403 1507 2442 a.
1539 2385 1589 2442 d.
1619 2400 1723 2444 xv.
1758 2385 1886 2442 Kal.
1919 2385 2037 2446 Ian.

250 2484 486 2556 denique
513 2483 756 2556 cognovi.
844 2483 956 2540 Eas
983 2482 1405 2555 diligentissime
1434 2483 1776 2555 Philogenes,
1809 2483 2042 2543 libertus

251 2583 400 2650 tuus,
427 2579 642 2636 curavit
681 2579 944 2652 perlonga
971 2584 1029 2636 et
1056 2597 1166 2636 non
1193 2579 1331 2637 satis
1373 2584 1501 2638 tuta
1540 2580 1633 2638 via
1674 2580 2037 2655 perferendas.

250 2675 400 2732 Nam
445 2694 582 2749 quas
630 2676 824 2733 Laenii
871 2677 1054 2748 pueris
1101 2675 1294 2734 scribis
1342 2675 1517 2749 datas,
1550 2695 1660 2734 non
1707 2694 2037 2752 acceperam.

251 2772 502 2829 Iucunda
527 2773 596 2830 de
641 2772 874 2862 Caesare
901 2777 959 2830 et
1000 2790 1141 2845 quae
1168 2778 1395 2831 senatus
1437 2773 1680 2832 decrevit
1708 2777 1767 2832 et
1793 2791 1936 2848 quae
1976 2779 2040 2834 tu
2150 2785 2155 2792 '

249 2888 470 2943 speras:
512 2870 712 2943 quibus
739 2870 834 2927 ille
862 2871 909 2927 si
938 2870 1103 2942 cedit,
1130 2870 1272 2928 salvi
1300 2889 1503 2928 sumus.
1596 2870 1858 2928 Incendio
1888 2871 2042 2930 Plae-

250 2967 464 3024 toriano
510 2967 660 3041 quod
709 2967 868 3025 Seius
916 2969 1205 3026 ambustus
1254 2973 1357 3038 est,
1406 2968 1587 3025 minus
1637 2969 1867 3026 moleste
1914 2968 2041 3027 fero.

159 3129 166 3134 ,
250 3064 516 3122 Lucceius
543 3065 613 3122 de
655 3065 719 3134 Q.
755 3065 948 3124 Cassio
977 3084 1074 3123 cur
1113 3069 1231 3122 tam
1258 3065 1555 3123 vehemens
1596 3065 1765 3124 fuerit
1806 3071 1865 3123 et
1906 3067 2041 3140 quid

250 3166 438 3218 actum
478 3162 553 3218 sit
594 3181 729 3220 aveo
769 3164 920 3221 scire.
1009 3162 1062 3221 9.
1109 3161 1245 3234 Eg0,
1286 3180 1411 3219 cum
1453 3162 1781 3220 Laodiceam
1822 3180 2039 3238 venem,

252 3258 476 3330 Quinte,
507 3260 706 3316 sororis
744 3264 874 3316 tuae
915 3259 1044 3329 filio,
1079 3264 1267 3331 togam
1309 3276 1505 3332 puram
1546 3259 1736 3318 iubeor
1775 3260 1920 3334 dare,
1954 3261 2039 3318 cui
