2434 3734
427 267 520 315 126
921 264 1213 315 Lxxvm.
1252 253 1437 334 (ΒΑΜ.
1478 265 1599 314 x11.
1640 254 1726 333 ιο)

424 418 624 492 quibus
653 413 839 476 tamen
867 418 940 477 ad
967 419 1265 478 sanitatem
1284 419 1549 477 redeundi
1576 424 1706 477 ante
1736 420 1864 478 Kal.
1898 419 2208 492 Septembr.

423 520 670 592 potestas
705 516 855 573 facta
881 521 980 574 est.
1068 517 1253 574 Fortis
1280 535 1412 575 sane
1452 522 1693 590 senatus,
1724 517 1822 574 sed
1849 518 2087 573 maxime
2114 535 2211 590 spe

424 613 656 671 subsidii
710 614 810 672 tui.
917 613 1136 671 Bellum
1193 614 1434 687 quidem,
1500 633 1625 673 cum
1687 614 1822 671 haec
1882 614 2205 691 scribebam,

423 729 554 768 sane
597 729 858 783 magnum
902 716 1020 769 erat
1064 712 1266 769 scelere
1308 717 1367 770 et
1409 712 1639 771 levitate
1680 712 1891 785 Lepidi.
1977 712 2098 769 Nos
2142 712 2212 768 de

423 807 716 865 Dolabella
741 807 942 865 cotidie
969 826 1110 881 quae
1137 809 1395 867 volumus
1434 809 1705 881 audimus,
1737 809 1833 867 sed
1873 809 2055 867 adhuc
2093 810 2211 866 sine

424 906 616 979 capite,
661 905 779 963 sine
819 910 1054 980 auctore,
1099 924 1317 965 rumore
1353 907 1565 965 nunti0.
1672 907 1722 963 2.
1774 906 1933 975 Quod
1962 924 2087 963 cum
2126 906 2210 963 ita

422 1007 580 1075 esset,
629 1007 816 1061 tamen
859 1003 1063 1061 litteris
1107 1005 1237 1077 tuis,
1286 1022 1425 1078 quas
1467 1004 1648 1062 Nonis
1693 1005 1860 1061 Maiis
1904 1022 1973 1061 ex
2016 1004 2210 1061 castris

421 1100 582 1158 datas
622 1118 1014 1173 acceperamus,
1051 1102 1134 1158 ita
1164 1120 1487 1183 persuasum
1528 1106 1649 1159 erat
1688 1102 1907 1159 civitati
1926 1106 2014 1180 ‘ut
2049 1102 2208 1159 inum

420 1199 533 1255 iam
561 1216 880 1271 oppressum
909 1216 1095 1256 omnes
1133 1199 1552 1272 arbitrarentur,
1584 1204 1641 1257 te
1667 1203 1855 1257 autem
1895 1200 1956 1255 in
1982 1199 2209 1256 Italiam

420 1295 607 1353 venire
651 1313 778 1352 cum
821 1295 1078 1367 exercitu,
1128 1302 1208 1369 ut,
1256 1296 1306 1353 si
1347 1296 1483 1354 haec
1526 1314 1595 1353 ex
1639 1298 1917 1353 sententia
1963 1296 2211 1353 confecta.

423 1398 618 1465 essent,
671 1392 896 1450 consilio
949 1398 1118 1467 atque
1173 1395 1506 1452 auctoritate
1560 1398 1674 1465 tua,
1734 1396 1821 1451 sin
1876 1393 2011 1466 quid
2064 1393 2209 1451 forte

423 1490 746 1562 titubatum,
803 1495 870 1548 ut
937 1491 1004 1548 fit
1071 1492 1132 1547 in
1197 1491 1361 1565 belle,
1426 1492 1670 1549 exercitu
1730 1496 1829 1549 tuo
1887 1492 2202 1549 niteremur.

423 1587 600 1656 Quem
627 1588 850 1660 quidem
878 1606 977 1661 ego
998 1590 1300 1646 exercin
1326 1590 1761 1662 quibuscumque
1789 1594 2017 1662 potuero
2043 1590 2208 1647 rebus

422 1685 662 1743 ornabo:
719 1686 873 1741 cuius
916 1686 997 1743 rei
1039 1690 1162 1743 tum
1204 1691 1426 1759 tempus
1470 1686 1591 1758 erit,
1624 1704 1750 1743 cum
1792 1686 1927 1759 quid
1969 1686 2086 1758 opis
2128 1687 2209 1743 rei

421 1782 670 1857 publicae
723 1782 938 1841 laturus
983 1784 1032 1841 is
1079 1785 1351 1842 exercitus
1396 1785 1471 1841 sit
1518 1788 1620 1842 aut
1672 1783 1807 1857 quid
1859 1784 1970 1841 iam
2015 1783 2207 1841 tulerit

421 1885 617 1939 notum
683 1899 801 1938 esse
869 1883 1119 1955 coeperit.
1234 1882 1383 1939 Nam
1439 1881 1619 1939 adhuc
1686 1886 1909 1938 tantum
1978 1887 2206 1939 conatus

422 1978 740 2051 audiuntur,
773 1979 968 2051 optimi
1007 1979 1094 2035 illi
1126 1979 1350 2052 quidem
1378 1982 1438 2037 et
1462 1978 1896 2050 praeclarissimi,
1927 1978 2024 2035 sed
2050 1983 2209 2050 gesta

420 2094 508 2133 res
537 2080 918 2149 exspectatur:
960 2093 1128 2148 quam
1155 2077 1382 2149 quidem
1409 2080 1510 2132 aut
1552 2076 1665 2133 iam
1692 2092 1809 2132 esse
1836 2074 2081 2147 aliquam
2106 2080 2209 2132 aut

421 2173 854 2246 appropinquare
901 2172 1129 2231 confido,
1220 2174 1273 2230 3.
1332 2173 1454 2229 Tua
1478 2172 1689 2229 virtute
1728 2175 1787 2229 et
1826 2170 2209 2244 magnitudine

373 2272 377 2279 ’
422 2271 593 2327 animi
645 2269 785 2327 nihil
832 2275 919 2327 est
971 2270 1228 2330 nobilius.
1334 2271 1534 2343 Itaque
1590 2275 1861 2344 optamus,
1918 2274 1985 2327 ut
2038 2287 2208 2342 quam

421 2369 660 2441 primum
714 2372 773 2425 te
831 2369 890 2426 in
947 2367 1115 2425 Italia
1166 2368 1467 2426 videamus.
1580 2367 1722 2426 Rem
1775 2366 2052 2440 publicam
2106 2385 2209 2425 nos

422 2465 622 2523 habere
648 2464 1053 2536 arbitrabimur,
1099 2466 1148 2521 si
1188 2483 1288 2522 vos
1326 2464 1668 2522 habebimus.
1755 2463 2039 2521 Praeclare
2066 2464 2207 2521 vice-
2275 2450 2281 2454 “

421 2580 622 2633 ramus,
679 2562 788 2620 nisi
855 2562 1168 2636 spoliatum,
1240 2563 1522 2633 inermem,
1591 2561 1894 2635 fugientem
1962 2561 2207 2634 Lepidus

421 2662 711 2734 recepisset
772 2660 1092 2717 Antonium.
1217 2659 1416 2732 Itaque
1484 2677 1785 2733 numquam
1853 2663 2012 2715 tanto
2080 2659 2206 2718 odio

422 2758 639 2814 civitati
665 2758 942 2815 Antonius
974 2757 1086 2813 fuit
1120 2761 1330 2829 quanto
1358 2760 1442 2813 est
1484 2755 1742 2828 Lepidus.
1829 2755 1934 2813 Ille
1962 2755 2108 2812 enim
2136 2774 2206 2813 ex

423 2852 743 2912 turbulenta
788 2872 848 2911 re
893 2852 1127 2926 publica,
1180 2852 1272 2909 hic
1319 2870 1389 2910 ex
1435 2870 1567 2925 pace
1614 2857 1672 2911 et
1718 2852 1950 2909 victoria
1994 2852 2205 2910 bellum

422 2950 700 3008 excitavit,
789 2949 938 3007 Huic
964 2949 1241 3023 oppositos
1268 2947 1515 3007 consules
1547 2949 1862 3022 designatos
1901 2948 2205 3008 habemus:

421 3050 481 3106 in
507 3047 708 3121 quibus
749 3051 834 3103 est
873 3064 1074 3119 mag-na
1111 3046 1210 3104 illa
1250 3047 1473 3119 quidem
1512 3064 1651 3119 spes,
1697 3045 1794 3103 sed
1833 3064 2031 3118 anceps
2072 3063 2207 3103 cura

422 3151 643 3219 propter
688 3144 926 3203 incertos
979 3144 1160 3201 exitus
1207 3144 1552 3218 proeliorum.
1659 3143 1716 3199 4.
1772 3142 2047 3201 Persuade
2094 3144 2207 3201 tibi

423 3242 594 3311 igitur
634 3243 692 3298 in
734 3247 791 3299 te
832 3246 889 3300 et
934 3242 993 3299 in
1021 3241 1196 3300 Bruto
1224 3247 1323 3299 tuo
1364 3241 1707 3311 esse-omnia,
1740 3258 1838 3297 vos
1878 3242 2199 3313 exspectari,
