2434 3734
808 245 958 295 X111.
997 233 1166 312 (Ar‘r.
1208 245 1298 295 lv,
1338 232 1425 313 4b)
1953 246 2017 294 28

234 421 268 459 a
285 402 468 461 malva
485 403 743 475 deceptus
759 421 897 461 sum.
943 403 1182 460 Posthac
1197 403 1370 476 igitur
1386 403 1587 460 erimus
1606 402 1887 460 cautiores,
1934 402 2019 459 Tu

236 505 419 557 tamen
449 518 574 557 cum
593 500 838 558 audisses
859 501 929 558 ab
946 487 1367 557 Anicio—vidit
1387 500 1532 557 enim
1556 517 1644 556 mc
1664 504 2019 556 nauseantem

235 615 425 654 —non
454 597 615 654 modo
641 597 902 655 mittendi
943 616 1162 655 causam
1202 599 1408 655 iustam
1436 596 1695 669 habuisti,
1727 597 1823 654 sed
1852 596 2020 654 etiam

237 695 464 754 visendi.
552 695 670 767 Ego
703 695 793 752 hic
819 695 1000 768 cogito
1025 697 1363 769 commorari,
1397 696 1577 767 quoad
1616 713 1705 752 mc
1746 694 2017 751 reficiam:

236 811 366 850 nam
392 798 451 850 ct
476 794 621 850 vires
647 798 704 851 ct
733 811 925 866 eorpus
951 794 1127 852 amisi.
1215 793 1341 866 Sed,
1376 794 1425 851 si
1463 792 1716 850 morbum
1743 792 2015 865 depulerO,

234 889 410 962 facile,
435 895 503 946 ut
527 907 698 964 spero,
731 889 828 948 illa
854 890 1134 950 revocabo.

263 1221 435 1278 XIII.
483 1221 580 1279 ΤΟ
623 1222 972 1296 ATTIGUS,
1005 1239 1076 1281 m
1103 1223 1309 1295 Iram,
1344 1239 1425 1280 ou
1455 1239 1556 1280 ms
1582 1221 1623 1279 J
1628 1237 1879 1281 Onnum(
1906 1238 1980 1279 ro

813 1319 991 1376 Romi
1021 1317 1188 1398 (Arr.
1220 1336 1303 1377 1v.
1339 1317 1435 1398 422)

405 1487 683 1544 ANTIUM,
722 1487 910 1536 A.U.O.
949 1488 1082 1547 6983
1128 1489 1245 1537 Re.
1287 1489 1379 1548 56;
1425 1488 1563 1536 AET.
1606 1488 1725 1537 010.
1766 1487 1829 1536 50

316 1637 390 1683 De
411 1637 700 1684 bibliotheca
726 1650 813 1683 sua
845 1651 875 1683 a
906 1637 1223 1697 Tyrannione,
1260 1651 1349 1698 ope
1381 1637 1686 1684 librariorum
1718 1636 1887 1697 Attici,
1926 1637 2021 1684 iam

233 1715 533 1764 restituenda
555 1717 604 1762 et
626 1716 686 1763 de
707 1718 982 1776 exspectato
1004 1716 1156 1763 Attici
1179 1716 1403 1764 adventu.

342 1869 392 1926 1.
440 1867 688 1924 Perbelle
714 1866 918 1938 feceris,
945 1867 992 1923 si
1018 1866 1091 1923 ad
1117 1885 1218 1924 nos
1254 1868 1482 1925 veneris.
1570 1865 1827 1924 Offendes
1852 1867 2023 1940 desig-

232 1967 518 2024 nationem
545 1964 906 2037 Tyrannionis
931 1964 1220 2021 mirificam
1248 1963 1514 2021 librorum
1535 1981 1780 2020 meorum
1809 1963 2025 2036 [biblio-

234 2057 442 2141 theca],
500 2077 734 2134 quorum
800 2060 1062 2132 reliquiae
1119 2060 1299 2118 multo
1355 2060 1605 2118 meliores
1666 2065 1799 2118 sunt
1857 2078 2025 2133 quam

231 2162 508 2230 putaram,
594 2154 784 2211 Etiam
824 2153 992 2211 velim
1045 2153 1184 2210 mihi
1233 2154 1427 2210 mittas
1468 2153 1536 2211 de
1576 2154 1691 2210 tuis
1730 2153 2024 2212 librariolis

233 2251 374 2307 duos
401 2249 629 2321 aliquos,
672 2247 871 2320 quibus
913 2247 1190 2318 Tyrannio
1227 2251 1421 2305 utatur
1460 2247 1909 2320 glutinatoribus‚
1954 2248 2026 2306 ad

233 2351 417 2403 cetera
437 2343 790 2414 administris,
822 2342 998 2414 iisque
1033 2342 1282 2416 imperes,
1314 2347 1381 2399 ut
1420 2347 1643 2400 sumant
1683 2343 2025 2401 membranu-

231 2434 348 2495 lam
396 2455 464 2494 cx
518 2455 628 2509 qua
670 2435 877 2492 indices
920 2435 1076 2507 fiant,
1123 2454 1261 2509 quos
1302 2454 1402 2493 vos
1448 2436 1660 2508 Gracci,
1707 2442 1771 2494 ut
1819 2438 2027 2510 opinor,

231 2530 570 2610 σιλλῦβους
613 2533 918 2607 appellatis.
1028 2533 1079 2590 2.
1145 2533 1254 2591 Sed
1304 2533 1451 2606 haec,
1496 2534 1543 2590 si
1580 2533 1686 2591 tibi
1726 2535 1832 2592 erit
1886 2553 2026 2592 com-

233 2633 476 2691 modum.
565 2629 694 2703 Ipse
737 2647 865 2687 vero
908 2631 1102 2702 utique
1143 2629 1233 2686 fac
1275 2630 1480 2700 venias,
1528 2629 1577 2686 si
1630 2633 1788 2702 potes
1834 2630 1892 2686 in
1939 2629 2027 2688 his

232 2730 368 2788 locis
423 2728 803 2785 adhaerescere
857 2731 915 2784 et
975 2725 1176 2783 Piliam
1232 2726 1510 2784 adducere.
1621 2725 1714 2782 Ita
1767 2727 1914 2783 enim
1970 2732 2028 2784 et

232 2844 474 2899 aequum
501 2829 587 2881 est
613 2830 670 2881 ct
699 2823 851 2896 cupit
893 2821 1090 2880 Tullia.
1176 2823 1399 2880 Medius
1439 2822 1601 2878 fidius
1629 2840 1697 2879 ne
1739 2827 1805 2878 tu
1844 2823 2027 2880 emisti

233 2921 425 3000 λόχον
465 2923 837 2996 praeclarum:
895 2921 1226 2994 gladiatores
1280 2921 1444 2978 audio
1498 2938 1741 2994 pugnare
1780 2921 2022 2980 mirifice.

233 3022 295 3080 Si
325 3022 504 3078 locare
525 3019 804 3090 voluisses,
829 3017 1044 3075 duobus
1064 3018 1152 3075 his
1174 3018 1494 3076 muneribus
1515 3017 1654 3074 liber
1680 3035 1839 3076 esses.
1918 3017 2027 3076 Sed

230 3119 368 3176 haec
415 3117 702 3190 posterius.
803 3117 890 3172 Tu
934 3115 1023 3172 fac
1070 3116 1276 3186 venias,
1328 3119 1386 3172 et
1430 3115 1498 3172 dc
1542 3114 1795 3189 librariis,
1844 3114 1893 3172 si
1938 3133 2026 3174 me

229 3229 402 3289 amas,
435 3213 728 3286 diligenter.
