2434 3734
440 210 533 258 112
820 236 896 280 Α.
987 207 1138 257 Lxx
1179 196 1366 277 (FAM.
1404 207 1545 257 ΧΠ.
1582 195 1671 276 23)
1730 188 1737 195 ’

437 365 588 422 Nam
632 366 744 421 ista
783 364 1004 437 quidem
1052 363 1305 422 Caesaris
1350 362 1676 421 libertorum
1720 365 2024 421 coniuratio
2068 364 2239 422 facile

437 463 850 535 opprimeretur,
877 462 926 518 si
953 466 1099 519 recte
1132 466 1349 533 saperet
1391 461 1684 518 Antonius.
1774 463 1826 520 2.
1873 462 1995 520 En!
2045 480 2238 520 meam
2348 458 2353 461 ’

435 560 668 617 stultam
711 560 1110 631 verecundiam,
1153 560 1252 632 qui
1291 559 1463 631 legari
1506 559 1791 631 noluerim,
1822 565 1953 618 ante
1980 577 2066 616 res
2108 578 2239 632 pro-

435 658 593 730 latas,
625 675 694 714 ne
721 657 967 715 deserere
994 658 1209 714 viderer
1250 656 1397 714 hunc
1434 674 1615 713 rerum
1645 662 1934 726 tumorem,
1967 657 2055 715 cui
2082 663 2237 715 certe

435 756 483 811 si
509 773 724 827 possem
752 755 972 826 mederi,
1005 755 1190 812 deesse
1217 773 1329 812 non
1350 755 1619 813 deberem.
1708 755 1817 812 Sed
1843 755 2000 813 vides
2027 756 2235 828 magis—

437 858 632 923 tratus,
665 854 713 909 si
751 851 973 925 quidem
1013 852 1098 909 illi
1138 852 1535 923 magistratus:
1577 850 1733 908 vides
1775 855 1962 908 tamen
2003 853 2236 921 tyranni

435 949 703 1007 satellites
744 950 802 1006 in
844 950 1104 1022 imperiis,
1150 947 1308 1005 vides
1348 948 1596 1006 eiusdem
1636 948 1926 1018 exercitus,
1970 948 2127 1005 vides
2166 948 2235 1005 in

435 1046 606 1103 latere
632 1051 937 1116 veteranos,
968 1063 1110 1119 quae
1136 1050 1270 1102 sunt
1309 1040 1609 1119 εὗρίπιστα
1640 1045 1860 1102 omnia:
1900 1062 1992 1102 eos
2020 1049 2230 1115 autem,

436 1145 532 1216 qui
573 1144 719 1201 orbis
761 1149 938 1201 terrae
971 1144 1227 1201 custodes
1253 1162 1365 1200 non
1401 1143 1567 1200 modo
1594 1144 1789 1217 saepti,
1820 1160 2014 1200 verum
2054 1145 2233 1201 etiam

436 1238 594 1318 ἅγιοι
625 1259 743 1299 esse
763 1241 1075 1313 debebant,
1107 1246 1333 1299 tantum
1374 1242 1536 1299 modo
1578 1241 1794 1298 laudari
1835 1245 2003 1313 atque
2030 1243 2228 1314 amari,

435 1340 534 1397 sed
559 1339 862 1412 parietibus
890 1340 1178 1397 contineri.
1261 1339 1449 1411 Atque
1490 1338 1577 1395 illi
1604 1356 1824 1412 quoquo
1849 1338 2014 1395 modo
2054 1338 2226 1412 beati,

437 1438 636 1494 civitas
688 1437 901 1495 misera.
1011 1438 1064 1495 3.
1139 1436 1250 1494 Sed
1317 1437 1486 1495 velim
1546 1437 1683 1494 scire
1750 1435 1886 1510 quid
1952 1436 2231 1495 adventus

439 1534 673 1607 Octavii,
704 1552 840 1591 num
868 1536 964 1607 qui
1005 1552 1297 1591 concursus
1324 1533 1396 1591 ad
1435 1551 1578 1605 eum,
1610 1552 1745 1591 num
1772 1551 1913 1607 quae
1943 1554 2231 1607 νεωτερισ-

437 1627 546 1705 μοῦ
585 1632 834 1703 suspicio,
922 1631 1053 1688 Non
1094 1637 1232 1704 puto
1272 1631 1541 1704 equidem,
1586 1631 1684 1688 sed
1726 1636 1913 1688 tamen
1954 1630 2230 1704 quidquid

439 1733 524 1785 est
563 1728 700 1785 scire
729 1729 903 1801 cupio·
992 1728 1147 1786 Haec
1183 1729 1379 1801 scripsi
1419 1728 1491 1785 ad
1534 1732 1591 1785 te
1630 1727 1975 1801 proficiscens
2015 1728 2230 1785 Astura

437 1842 528 1884 111.
561 1825 713 1884 Idus.

794 2048 971 2105 LXX.
1014 2049 1110 2106 ΤΟ
1153 2050 1338 2107 TIRO
1382 2049 1565 2128 (ΕΑΒ.
1611 2067 1740 2109 xv1.
1792 2049 1894 2131 23)

529 2218 994 2277 PUTEOLANUM,
1034 2219 1224 2267 A.U.G.
1266 2218 1395 2279 7103
1440 2220 1557 2269 ΒΑ).
1598 2221 1695 2280 44;
1740 2222 1878 2269 AE'I'.
1916 2222 2032 2271 010.
2077 2224 2139 2271 62

521 2371 588 2418 M.
614 2372 777 2419 Cicero
798 2383 947 2430 quum
980 2370 1040 2416 de
1070 2369 1176 2415 aliis
1209 2371 1498 2429 quibusdam
1530 2371 1671 2417 rebus
1693 2375 1799 2420 tum
1822 2372 1881 2419 de
1904 2375 2224 2421 conservanda

441 2448 641 2497 Antonii
664 2448 874 2494 amicitia
894 2447 993 2505 agit
1016 2460 1124 2492 cum
1146 2447 1333 2494 Tir0ne.

545 2601 595 2658 1.
642 2600 728 2656 Tu
768 2618 895 2657 vero
937 2599 1135 2655 confice
1175 2601 1581 2673 professionem,
1618 2602 1666 2658 si
1706 2605 1901 2674 potes:
1943 2603 2051 2659 etsi
2090 2603 2228 2661 haec

440 2698 672 2771 pecunia
690 2715 758 2754 ex
777 2714 841 2755 eo
861 2714 1053 2769 genere
1074 2701 1174 2767 est,
1199 2701 1267 2753 ut
1286 2697 1615 2769 professione
1636 2714 1745 2754 non
1765 2702 1935 2769 egeat.
2014 2698 2225 2757 Verum

441 2800 629 2852 tamen
672 2838 684 2851 .
732 2838 745 2851 .
791 2838 802 2851 .
852 2794 1060 2850 Balbus
1113 2794 1185 2850 ad
1240 2812 1328 2851 me
1382 2791 1625 2867 scripsit
1655 2799 1817 2851 tanta
1868 2812 1927 2852 se
1982 2791 2227 2874 ἐπιφορᾷ

441 2910 775 2967 oppressum,
796 2896 862 2948 ut
881 2891 1032 2964 loqui
1052 2910 1159 2948 non
1181 2897 1379 2965 posset.
1434 2893 1711 2950 Antonius
1728 2891 1795 2949 de
1816 2891 1935 2965 lege
1956 2897 2052 2951 en!
2088 2896 2223 2968 quid

441 2991 627 3063 egerit.
715 2989 906 3046 Liceat
936 2990 1101 3046 modo
1136 2991 1423 3048 rusticari!
1505 2992 1597 3048 Ad
1625 2991 1984 3065 Bithynicum
2010 2994 2219 3066 scripsi.

445 3089 496 3146 2.
542 3087 630 3144 De
659 3085 892 3143 Servilio
919 3090 983 3143 tu
1010 3086 1230 3157 videris,
1261 3087 1357 3159 qui
1393 3092 1731 3145 senectutem
1760 3105 1870 3144 non
1898 3092 2214 3151 contemnis,

445 3185 569 3243 Etsi
588 3184 814 3241 Atticus
839 3188 1040 3256 noster,
1065 3185 1195 3256 quia
1216 3185 1491 3259 quondam
1511 3203 1600 3243 me
1621 3188 1948 3246 commoveri
1964 3189 2222 3253 πανικοῖς
