2434 3734
398 247 458 294 30
963 243 1104 292 XVI.
1143 231 1327 306 (ΕΔΜ.
1366 242 1485 292 v11.
1525 229 1615 312 23)

515 439 675 498 XVI.
722 439 820 496 ΤΟ
866 438 1160 496 FADIUS
1204 438 1517 497 GALLUS
1562 436 1744 517 (ΒΑΜ.
1790 455 1901 498 vn.
1950 436 2051 517 23)

609 598 804 654 ROME,
840 596 1030 646 A.U.0.
1075 597 1203 656 6993
1250 596 1368 646 B.G.
1410 597 1509 654 553
1555 597 1693 643 ΑΕΤ.
1732 596 1849 644 010.
1892 596 1951 645 51

459 735 527 784 M.
558 737 721 785 Cicero
743 738 911 784 scribit
933 737 992 784 de
1009 738 1155 796 signis
1173 739 1223 784 et
1252 737 1426 784 statuis
1448 751 1477 784 a
1508 737 1573 782 Μ.
1604 737 1753 783 Fadio
1775 737 1915 784 Gallo
1937 738 2029 784 sibi
2052 752 2177 798 emp·

392 817 473 875 tis,
511 829 632 876 quae
665 815 758 862 sibi
791 817 886 862 emi
907 816 1116 862 noluisse
1149 816 1283 874 dicit,
1314 815 1399 862 sed
1430 818 1594 862 tamen
1614 819 1721 862 rata
1750 830 1801 862 se
1830 815 1952 862 velle
1973 816 2179 864 habere:

394 895 498 940 tum
521 894 582 940 de
603 894 745 940 domo
767 908 797 940 a
817 893 958 940 Gallo
980 907 1130 953 prope
1151 907 1202 939 se
1226 893 1476 940 conducta.

767 1051 830 1091 M.
867 1049 1079 1091 CICERO
1109 1050 1153 1091 S.
1186 1051 1244 1091 D.
1278 1050 1342 1092 M.
1375 1049 1560 1090 FADIO
1589 1049 1787 1091 GALLO

479 1195 526 1253 l.
574 1194 818 1251 Tantum
856 1194 1003 1266 quod
1039 1212 1108 1251 ex
1136 1193 1396 1266 Arpinati
1433 1210 1708 1264 veneram,
1740 1211 1866 1250 cum
1899 1194 2037 1250 mihi
2064 1213 2097 1250 a
2125 1199 2183 1250 te

393 1292 610 1348 litterae
649 1291 895 1348 redditae
935 1296 1100 1349 sunt:
1155 1290 1229 1347 ab
1270 1290 1567 1362 eodemque
1606 1291 1789 1363 accepi
1828 1290 2054 1348 Avianii
2092 1291 2183 1349 lit-

394 1393 554 1460 teras,
614 1389 673 1444 in
727 1388 929 1460 quibus
983 1388 1086 1445 1100
1126 1389 1306 1445 inerat
1346 1387 1807 1460 liberalissimum,
1852 1389 2075 1446 nomina
2122 1409 2181 1448 se

392 1485 684 1556 facturum,
709 1502 834 1541 oum
854 1485 1109 1555 venisset,
1136 1502 1247 1556 qua
1266 1502 1366 1557 ego
1385 1483 1585 1542 vellem
1617 1484 1720 1542 die.
1808 1485 1933 1556 Fac,
1959 1505 2177 1561 quaese,

393 1581 490 1654 qui
529 1599 630 1653 ego
669 1599 809 1652 sum,
855 1599 972 1638 esse
1013 1586 1104 1638 te:
1147 1586 1302 1639 estne
1342 1585 1443 1638 aut
1484 1582 1568 1638 tui
1607 1581 1831 1654 pudoris
1859 1588 1959 1639 aut
1985 1586 2175 1656 nostri,

392 1679 631 1751 primum
658 1695 847 1750 rogare
873 1676 942 1735 de
969 1677 1074 1748 die,
1106 1678 1305 1735 deinde
1324 1676 1449 1750 plus
1468 1695 1654 1734 annua
1672 1677 1989 1750 postulare‘l
2069 1680 2181 1738 Sed

391 1779 588 1844 essent,
621 1775 700 1831 mi
741 1773 916 1845 Galle,
950 1774 1134 1831 omnia
1172 1773 1371 1846 facilia,
1404 1775 1453 1831 si
1494 1780 1552 1832 et
1592 1793 1659 1831 ea
1698 1781 1974 1832 mercatus
2016 1795 2179 1846 essee,

391 1890 531 1944 quae
571 1889 672 1944 ego
712 1870 1103 1941 desiderabam,
1135 1876 1194 1929 et
1235 1871 1307 1928 ad
1347 1888 1469 1928 eam
1510 1889 1799 1945 summam,
1833 1891 1999 1945 quam
2026 1875 2179 1931 volu-

391 1987 554 2027 eram.
640 1968 726 2025 Ac
767 1973 954 2025 tamen
995 1970 1106 2024 ista
1145 1968 1280 2040 ipsa,
1312 1986 1454 2040 quae
1495 1972 1552 2024 te
1592 1970 1787 2026 emisse
1828 1970 2036 2043 scribis,
2069 1990 2179 2029 non

392 2067 570 2124 80111111
610 2071 734 2122 rata
773 2065 911 2121 mihi
953 2070 1130 2138 erunt,
1163 2065 1263 2121 sed
1289 2066 1459 2122 etiam
1498 2071 1692 2138 grata:
1735 2065 1897 2137 plane
1925 2067 2071 2124 enim
2099 2069 2179 2124 in-

393 2164 592 2236 tellego
620 2168 676 2220 te
697 2181 808 2219 non
841 2162 1002 2219 modo
1040 2162 1244 2233 studi0,
1276 2162 1373 2218 sed
1408 2162 1579 2218 etiam
1616 2180 1798 2220 amore
1837 2181 1999 2219 usum
2037 2182 2178 2235 quae

393 2265 449 2317 te
471 2259 1199 2331 delectarint,—hominem,
1224 2263 1291 2315 ut
1312 2277 1411 2331 ego
1427 2277 1642 2332 semper
1663 2259 1915 2330 iudicavi,
1942 2261 2000 2316 in
2028 2263 2179 2319 omni

393 2357 595 2414 iudicio
623 2354 1329 2428 elegantissimum,—quia
1348 2372 1437 2411 me
1458 2354 1626 2426 digna
1644 2357 1873 2427 putaris,
1900 2358 2174 2417 coemisse.

393 2455 445 2510 2.
495 2453 604 2511 Sed
631 2452 800 2510 velim
837 2457 1060 2509 maneat
1096 2452 1473 2525 Damasippus
1509 2453 1568 2508 in
1606 2453 1915 2510 sententia:
1957 2471 2178 2526 prorsus

391 2549 539 2608 enim
581 2567 648 2607 ex
688 2549 812 2606 istis
851 2547 1224 2621 emptionibus
1263 2547 1475 2605 nullam
1515 2547 1776 2607 desidero.
1864 2550 1949 2606 Tu
1989 2555 2177 2608 autem

391 2649 615 2720 ignarus
643 2645 894 2702 instituti
921 2644 1045 2716 mei,
1077 2645 1277 2716 quanti
1313 2663 1412 2717 ego
1447 2662 1619 2717 genus
1647 2645 1868 2701 omnino
1896 2645 2178 2718 signorum

391 2742 636 2800 omnium
686 2759 796 2799 non
843 2741 1089 2811 aestimo,
1141 2741 1290 2798 tanti
1334 2742 1446 2797 ista
1491 2745 1756 2813 quattuor
1795 2747 1894 2799 aut
1934 2743 2178 2816 quinque

391 2841 691 2914 sumpsisti.
773 2833 1016 2896 Bacchas
1057 2838 1194 2894 istas
1236 2856 1362 2894 cum
1404 2838 1583 2895 Musis
1621 2838 1839 2895 Metelli
1875 2856 2173 2912 comparas

395 2937 543 3008 Quid
583 2936 804 2994 simile?
842 2936 1082 3008 primum
1123 2934 1271 3007 ipsas
1310 2953 1411 3007 ego
1453 2935 1645 2992 Musas
1685 2953 1987 3007 numquam
2029 2939 2179 2993 tanti

392 3040 674 3108 putassem
741 3039 908 3106 atque
979 3033 1037 3089 id
1115 3032 1365 3090 fecissem
1426 3032 1605 3089 Musis
1666 3033 1920 3090 omnibus
1986 3051 2179 3106 appro-

392 3130 694 3188 bantibus:
737 3128 834 3186 sed
862 3133 1049 3187 tamen
1077 3133 1196 3185 erat
1233 3133 1427 3200 aptum
1466 3128 1830 3186 bibliothecae
1867 3130 2177 3203 studiisque

394 3229 595 3286 nostris
622 3245 938 3303 congruens.
1027 3227 1255 3285 Bacchis
1282 3244 1412 3285 vero
1440 3227 1538 3284 ubi
1565 3231 1652 3284 est
1692 3228 1838 3300 apud
1865 3246 1953 3285 me
1986 3228 2179 3289 locus‘e
