2434 3734
157 3369 162 3382 ι
805 3363 811 3382 i

158 3421 477 3497 &52⁴2ss
502 3429 569 3467 ‘⁶³-
587 3422 687 3469 (Ὡ-
780 3419 846 3454 ’ὓ
864 3435 957 3474 <m
979 3429 1004 3453 Υ
1143 3428 1151 3437 ‘
1452 3445 1467 3484 x

167 3507 211 3579 Ι,
263 3595 316 3619 .,

832 273 936 323 Lx.
974 262 1159 343 (ΒΑΜ.
1198 274 1289 324 1v.
1326 262 1385 344 5)
1922 278 2013 327 101

229 428 473 500 proiecta
516 429 734 487 iacenti
815 429 988 486 Visne
1032 434 1098 485 tu
1142 433 1215 500 te,
1264 429 1437 499 Servi,
1469 429 1719 487 cohibere
1747 435 1805 488 et
1832 431 2019 487 memi-

230 526 376 583 nisse
403 525 682 583 hominem
710 531 768 583 te
796 544 912 583 esse
940 530 1134 583 natum
1151 524 1202 582 2³
1287 526 1463 584 Crede
1502 526 1659 596 mihi,
1690 527 2021 600 cogitatione

229 640 296 680 ea
321 641 432 679 non
459 623 804 680 mediocriter
841 640 964 679 sum
1007 622 1374 679 confirmatus.
1465 623 1589 679 Hoc
1632 624 1795 694 idem,
1823 625 1873 681 si
1913 624 2020 681 tibi

231 719 467 790 videtur,
523 720 610 776 fac
664 723 794 777 ante
862 718 1050 776 oculos
1116 718 1227 775 tibi
1293 736 1578 792 proponas,
1686 720 1857 779 Modo
1910 738 2021 777 uno

231 822 476 889 tempore
545 822 634 874 tot
701 818 808 873 viri
870 816 1161 874 clarissimi
1215 818 1583 876 interierunt:
1655 818 1723 876 de
1791 820 2021 891 imperio

231 913 420 987 populi
464 914 702 972 Romani
750 918 909 971 tanta
957 913 1266 971 deminutio
1290 896 1465 971 'facta
1504 918 1627 973 est:
1672 933 1861 973 omnes
1901 933 2021 988 pro·

230 1011 443 1068 vinciae
472 1015 867 1083 conquassatae
895 1015 1061 1069 sunt:
1104 1011 1164 1072 in
1191 1011 1357 1069 unius
1386 1012 1739 1069 mulierculae
1776 1014 2021 1071 animula

231 1109 279 1165 si
307 1109 522 1166 iactura
547 1109 698 1165 facta
725 1112 826 1179 est,
858 1112 1019 1164 tanto
1047 1125 1206 1179 opere
1238 1109 1635 1167 commoveris‘l
1675 1128 1815 1183 quae
1842 1112 1892 1169 si
1917 1111 2022 1169 hoc

232 1213 476 1281 tempore
503 1225 616 1264 non
642 1207 790 1265 diem
817 1224 980 1263 suum
1021 1205 1243 1279 obisset,
1276 1206 1465 1278 paucis
1492 1211 1619 1279 post
1644 1208 1805 1265 annis
1832 1212 2020 1265 tamen

231 1306 283 1361 ei
336 1304 679 1361 moriendum
747 1304 873 1375 fuit,
932 1304 1194 1376 quoniam
1248 1303 1413 1361 homo
1482 1309 1617 1361 nata
1681 1304 1882 1363 fuerat.
1960 1305 2017 1364 5.

232 1402 422 1459 Etiam
462 1406 528 1458 tu
568 1400 640 1458 ab
680 1400 829 1458 hisce
869 1400 1033 1457 rebus
1073 1401 1323 1457 animum
1350 1418 1417 1457 ac
1444 1400 1836 1473 cogitationem
1862 1406 2020 1459 tuam

231 1517 402 1557 avoca
448 1503 616 1571 atque
657 1514 723 1555 ea
762 1497 947 1569 potius
988 1498 1349 1570 reminiscere,
1380 1515 1523 1571 quae
1564 1498 1732 1571 digna
1767 1504 1869 1558 tua
1904 1517 2020 1572 per-

232 1614 368 1653 sona
393 1600 559 1653 sunt:
601 1594 773 1666 illam,
817 1611 986 1666 quam
1028 1595 1126 1652 diu
1153 1596 1204 1652 ei
1247 1612 1384 1669 opus
1410 1595 1597 1667 fuerit,
1628 1596 1868 1654 vixisse:
1910 1614 2021 1653 una

233 1712 360 1751 cum
405 1710 464 1751 re
512 1691 733 1764 publica
784 1691 988 1750 fuisse:
1053 1697 1124 1764 te,
1181 1698 1399 1765 patrem
1465 1710 1647 1764 suum,
1694 1699 2015 1768 praetorem,
2055 1692 2095 1752 D
2112 1672 2164 1773 s<
2186 1728 2213 1761 o

232 1789 526 1860 ⁰⁰¹¹⁸u¹⁰m²
597 1806 862 1861 augurem
927 1788 1178 1867 vidisse:
1249 1788 1688 1959 adolqupy
1748 1790 2020 1862 primariis
2046 1700 2421 1900 “w“ss&

233 1890 466 1960 nuptam
509 1885 712 1942 fuisse:
756 1884 1012 1942 omnibus
1059 1884 1221 1942 bonis
1234 1904 1431 1991 Repe
1544 1876 1822 1945 rfunc'tam
1867 1905 2017 1947 esse:

233 2002 360 2041 cum
406 2000 493 2040 res
536 1981 757 2056 publica
804 1982 1090 2055 occideret,
1138 1984 1260 2040 vita
1268 1985 1621 2075 &excessisse
1738 1984 1885 2055 Quid
1933 1991 2019 2043 est

232 2079 382 2153 quod
409 2084 475 2136 tu
501 2084 600 2136 aut
627 2078 724 2135 illa
752 2096 879 2136 cum
919 2078 1144 2135 fortuna
1189 2079 1294 2137 hoc
1337 2081 1559 2137 nomine
1585 2081 1741 2153 queri
1768 2082 2021 2153 possitis?

233 2176 490 2248 Denique
516 2174 630 2232 noli
657 2179 716 2232 te
741 2174 992 2233 oblivisci
1020 2174 1338 2232 Ciceronem
1366 2194 1485 2233 esse
1510 2180 1570 2233 et
1598 2194 1741 2247 eum,
1848 2177 1869 2249 i
1896 2178 2020 2234 aliis

233 2272 510 2331 consueris
563 2272 874 2345 praecipere
921 2276 982 2329 et
1029 2271 1159 2328 dare
1215 2273 1521 2346 consilium,
1580 2195 2020 2350 nequfflffiitari

233 2370 410 2428 malos
436 2368 690 2441 medicos,
721 2370 819 2443 qui
845 2369 905 2425 in
932 2369 1126 2425 alienis
1165 2370 1373 2427 morbis
1393 2370 1725 2444 profitentur
1750 2376 1936 2430 tenere
1962 2391 2021 2431 se

233 2468 537 2526 medicinae
580 2467 882 2536 scientiam,
938 2466 1046 2538 ipsi
1099 2484 1158 2523 se
1213 2484 1401 2525 curare
1463 2485 1573 2524 non
1626 2472 1873 2540 possunt,
1923 2468 2021 2527 sed

233 2565 435 2638 potius,
493 2581 634 2635 quae
688 2562 810 2621 aliis
855 2567 979 2619 tute
1026 2563 1336 2635 praecipere
1402 2564 1560 2635 soles,
1618 2581 1685 2620 ea
1737 2569 1859 2621 tute
1913 2566 2021 2622 tibi

234 2662 442 2719 subiice
485 2666 652 2733 atque
701 2660 847 2733 apud
890 2662 1137 2718 animum
1179 2679 1434 2734 propone.
1518 2662 1569 2719 6.
1617 2662 1823 2719 Nullus
1867 2663 2023 2721 dolor

234 2764 321 2817 est
350 2776 513 2831 quem
555 2777 665 2816 non
709 2758 1082 2831 longinquitas
1123 2759 1386 2831 temporis
1425 2760 1643 2816 minuat
1683 2778 1747 2817 ac
1786 2760 2013 2819 molliat.

236 2858 361 2914 Hoc
397 2861 455 2913 te
491 2861 806 2928 exspectare
847 2860 1066 2927 tempus
1108 2855 1216 2913 tibi
1256 2860 1418 2928 turpe
1465 2860 1551 2913 est
1590 2874 1655 2912 ac
1693 2873 1803 2914 non
1844 2858 1895 2913 ei
1942 2859 2021 2915 rei

235 2954 510 3027 sapientia
555 2958 656 3011 tua
697 2958 754 3041 te
796 2972 1086 3041 9ccurrere.
1195 2952 1357 3023 Quod
1397 2955 1447 3011 si
1486 2954 1585 3026 qui
1620 2954 1790 3011 etiam
1830 2955 2021 3012 inferis

235 3070 428 3110 sensus
457 3057 558 3123 est,
590 3053 686 3124 qui
714 3037 863 3107 illius
890 3038 1034 3108 in‘te
1053 3031 1216 3108 ‘amor
1252 3052 1364 3108 fuit
1404 3051 1689 3123 pietasque
1732 3051 1789 3107 in
1832 3068 2020 3109 omnes

236 3168 380 3221 suos,
435 3149 538 3206 hoc
585 3153 728 3207 certe
777 3148 874 3206 illa
917 3154 974 3205 te
1023 3150 1199 3206 facere
1248 3167 1358 3205 non
1404 3150 1544 3208 vult.
1651 3148 1743 3207 Da
1791 3149 1895 3208 hoc
1936 3150 2019 3209 ilh·

237 3251 520 3303 mortuae:
583 3245 656 3302 da
709 3246 904 3330 ceteris
957 3246 1148 3318 amieis
1203 3264 1270 3347 ac
1320 3246 1699 3318 familiaribus,
1771 3248 1867 3319 qui
1922 3252 2021 3306 tuo

971 3388 982 3420 ι
1041 3388 1172 3440 ‘i‘e'
1209 3380 1230 3414 ²
1279 3382 1359 3415 :ss
1438 3345 1584 3442 *5⁵:2¹⁸ss
1624 3373 1634 3392 ²

1173 3498 1184 3530 Ι

842 3535 860 3555 't

414 3594 426 3607 ι
490 3596 506 3621 x
538 3568 655 3628 (ub
704 3580 778 3615 N*
824 3598 1137 3653 &XO-52⁸0
1177 3561 1245 3621 ιλ

2048 1846 2202 1915 »εμ

2060 1935 2069 1947 U

1674 3369 1681 3386 ⁸
1750 3372 1897 3407 ,ww
1948 3337 2129 3391 0³²⁸

2152 3334 2161 3346 ·
2215 3305 2251 3363 *e
