2434 3734
805 245 1055 296 XXVIII.
1094 233 1263 314 (ΑΤΤ.
1308 246 1369 296 v.
1410 233 1464 314 9)
1965 249 2027 295 49

236 411 337 473 ego
377 401 661 458 misererer
708 401 840 473 eius,
894 401 1116 469 esurire,
1145 417 1255 456 non
1305 417 1429 456 sum
1472 403 1792 470 commotus,
1824 405 1882 456 et
1924 398 2027 457 hoc

237 497 535 569 mendaciO,
577 497 625 554 si
669 515 780 569 qua
828 496 1068 569 pericula
1117 497 1225 553 tibi
1273 496 1672 570 impenderent,
1723 502 1789 552 ut
1837 495 2025 553 defun-

234 614 486 669 geremur
521 597 725 669 optavi.
813 596 1052 653 Plancus
1082 595 1308 668 quidem
1346 599 1479 652 tuus
1516 595 1814 652 Ravennae
1842 599 1927 652 est
1968 600 2026 652 et

235 711 436 766 magno
473 693 748 766 congiario
785 693 1025 750 donatus
1068 711 1102 749 a
1131 693 1365 750 Caesare
1402 711 1501 750 nec
1526 693 1723 750 beatus
1760 711 1859 751 nec
1887 694 2025 751 bene

235 792 540 849 instructus
567 796 668 850 est.
754 791 861 847 'I'ui
888 787 1186 846 πολιτικοὶ
1213 789 1343 848 libri
1371 791 1625 849 omnibus
1654 792 1861 864 vigent.

335 1093 618 1152 XXVIII.
665 1092 763 1150 'ro
807 1091 1156 1164 Armene,
1203 1110 1273 1150 m
1318 1093 1495 1151 Rom
1538 1092 1706 1172 (Am.
1750 1113 1804 1153 v.
1851 1092 1915 1173 9)

251 1263 342 1312 ΟΝ
377 1262 510 1309 THE
542 1261 854 1309 JOURNEY
887 1261 969 1308 ΤΟ
1003 1261 1114 1308 HIS
1153 1262 1497 1318 PROVINCFI,
1534 1263 1714 1310 NEAR
1747 1264 2021 1322 ATHENS,

573 1339 761 1387 A.U.0.
806 1336 934 1397 7033
981 1339 1096 1387 Rc,
1140 1338 1239 1398 513
1285 1340 1423 1387 AET.
1466 1340 1583 1388 CIC.
1625 1341 1687 1388 55

315 1492 381 1540 M.
417 1492 580 1539 Cicero
615 1491 779 1538 Attico
803 1491 979 1550 gratias
1001 1492 1102 1550 agit
1135 1492 1195 1538 de
1218 1493 1495 1540 muneribus
1518 1493 1611 1540 sibi
1645 1495 1841 1541 Actium
1867 1496 2022 1543 missis

231 1575 281 1618 et
304 1570 501 1630 exponit
534 1569 594 1615 de
616 1569 800 1616 ratione
822 1569 1008 1616 itineris
1029 1569 1118 1626 sui,
1144 1569 1204 1616 de
1226 1571 1471 1630 provincia
1503 1572 1799 1620 abstinenter
1820 1573 2019 1621 admini-

231 1647 442 1702 stranda,
468 1646 621 1693 Attici
653 1646 840 1692 litteras
863 1645 923 1692 de
945 1647 1148 1706 negotiis
1181 1649 1281 1694 suis
1312 1650 1539 1696 Romanis
1562 1654 1808 1711 exspectat
1829 1654 1879 1698 et
1912 1667 2021 1700 eum

229 1728 379 1786 rogat,
403 1729 461 1771 ut
484 1725 642 1771 omnia
664 1724 810 1770 faciat
831 1737 892 1770 ne
914 1724 1006 1770 sibi
1029 1725 1274 1785 provincia
1296 1727 1405 1787 plus
1429 1742 1571 1788 quam
1596 1743 1755 1776 annua
1776 1731 1855 1789 sit,
1884 1732 2021 1779 addit

231 1805 291 1851 de
313 1804 538 1852 Cicerone
561 1816 662 1859 suo,
693 1802 753 1848 de
778 1803 1023 1862 Dionysio.

336 1942 386 2000 1.
431 1942 659 1998 Actium
687 1942 939 1999 venimus
967 1961 1014 2000 a.
1047 1943 1100 2001 d.
1133 1959 1288 2002 XVII.
1320 1944 1450 2003 Kal.
1485 1945 1724 2019 Quinct„
1757 1965 1881 2004 cum
1903 1950 2020 2022 qui-

230 2041 356 2097 dem
385 2043 442 2096 et
473 2039 739 2111 Corcyrae
761 2043 819 2096 et
849 2039 1072 2113 Sybotis
1093 2042 1412 2098 muneribus
1441 2043 1569 2114 tuis,
1594 2062 1733 2116 quae
1762 2051 1819 2103 et
1839 2046 2018 2104 Areus

229 2143 288 2195 et
316 2155 471 2194 meus
501 2137 710 2193 amicus
738 2136 1077 2209 Eutychides
1099 2139 1319 2211 opipare
1346 2145 1405 2197 et
1434 2123 2018 2218 φίλοπροσηνέστατα

227 2235 390 2292 nobis
430 2240 828 2306 congesserant,
861 2234 1071 2307 epulati
1111 2253 1353 2294 essemus
1381 2237 1646 2296 Saliarem
1688 2241 1744 2297 in
1772 2243 2013 2303 modum.

228 2333 396 2390 Actio
436 2331 734 2388 maluimus
762 2333 868 2388 iter
908 2333 1084 2390 facere
1111 2334 1362 2406 pedibus,
1388 2337 1487 2408 qui
1522 2337 2017 2400 incommodissime

228 2432 656 2502 navigassemus,
689 2434 746 2486 et
788 2428 1085 2489 Leucatem
1112 2431 1332 2490 flectere
1372 2434 1667 2492 molestum
1703 2437 2011 2498 videbatur.

225 2527 510 2585 Actuariis
537 2532 724 2584 autem
766 2529 996 2585 minutis
1025 2529 1225 2586 Patras
1251 2531 1502 2589 accedere
1530 2534 1649 2590 sine
1676 2533 1763 2590 his
1791 2535 2016 2608 impedi-

227 2626 431 2682 mentis
472 2642 582 2681 non
609 2625 746 2681 satis
782 2626 966 2682 visum
1007 2631 1092 2684 est
1119 2627 1391 2686 decorum.
1478 2631 1613 2702 Eg0,
1644 2637 1709 2688 ut
1748 2651 1910 2706 saepe
1950 2640 2018 2693 tu

224 2741 314 2780 me
377 2726 688 2780 currentem
748 2721 1004 2780 hortatus
1059 2741 1134 2793 eS,
1181 2725 1382 2783 cotidie
1440 2728 1689 2801 meditor,
1743 2732 2015 2804 praecipio

224 2821 378 2892 meis,
431 2819 630 2876 faciam
685 2820 935 2893 denique,
983 2826 1049 2878 ut
1103 2840 1319 2879 summa
1371 2825 1641 2883 modestia
1687 2832 1745 2884 et
1799 2846 2017 2888 summa

224 2917 565 2973 abstinentia
631 2935 832 2974 munus
899 2918 1003 2975 hoc
1079 2922 1572 2981 extraordinarium
1641 2926 2006 2988 traducamus.

226 3011 469 3070 Parthus
522 3013 690 3070 velim
738 3015 985 3087 quiescat
1040 3021 1098 3074 et
1152 3017 1375 3076 fortuna
1428 3038 1528 3077 nos
1583 3023 1771 3080 iuvet:
1827 3029 2015 3083 nostra

223 3110 640 3182 praestabimus.
729 3113 781 3170 2.
834 3112 936 3184 Tu,
988 3132 1204 3187 quaeso,
1258 3116 1392 3188 quid
1446 3135 1591 3191 agas,
1644 3120 1741 3177 ubi
1795 3139 2012 3195 quoque

227 3213 469 3282 tempore
495 3208 719 3267 futurus
759 3211 850 3281 sis,
882 3211 1072 3282 quales
1100 3229 1186 3270 res
1214 3220 1430 3270 nostras
1460 3215 1667 3274 Romae
1708 3218 2006 3293 reliqueris,

1112 3334 1150 3376 E
