2434 3734
104 2719 207 2886 p>

889 215 954 268 v.
978 191 1178 288 (Amr
1207 217 1247 267 1.
1292 197 1393 294 17)
1994 216 2051 281 tm

242 376 571 433 suavissimo
591 380 760 448 atque
781 375 1164 433 amantissimo
1184 374 1414 433 consilio
1433 393 1499 434 ac
1518 393 1767 434 sermone
1787 381 2056 450 possunt,

245 473 298 533 Ἀ
349 474 540 547 Atque
587 474 784 531 harum
839 491 1024 530 rerum
1079 475 1657 532 commemorationem
1710 476 2041 533 verecundia

241 552 406 644 saepe
433 571 727 644 impedivit
751 570 1043 644 utriusque
1071 574 1339 628 nostrum.
1426 571 1595 628 Nunc
1619 576 1810 628 autem
1837 589 1903 628 ea
1928 571 2039 628 fuit

240 668 550 726 necessaria
594 672 818 741 propter
844 686 966 725 eam
1121 685 1152 724 e
1280 667 1700 772 &tw
1732 686 1830 742 per
1872 687 2040 742 quam

242 771 300 824 te
329 784 394 823 ac
420 783 600 824 mores
625 769 752 822 tuos
779 765 919 823 milu
959 783 1064 839 pur
1135 769 1223 822 tos
1250 783 1315 822 ac
1350 765 1611 839 probatos
1638 783 1757 824 esse
1793 766 2035 826 voluisti.
2140 825 2145 833 ,

240 864 434 936 Atque
452 865 512 920 in
538 864 650 922 ista
669 863 1370 948 incommoditate-alienati
1396 862 1549 920 illius
1570 864 1743 920 animi
1762 869 1821 922 et
1848 865 2041 922 offensi

240 961 384 1019 illud
413 962 558 1019 inest
587 965 777 1020 tamen
799 957 1070 1019 commodi
1113 979 1223 1034 quo
1282 965 1347 1026 ,et
1372 961 1513 1018 mihi
1538 967 1597 1019 et
1626 963 1821 1020 ceteris
1849 964 2041 1020 amicis

241 1060 358 1116 tuis
385 1063 522 1116 nota
547 1059 658 1116 fuit
685 1064 742 1116 et
769 1058 870 1116 abs
897 1063 956 1116 te
1058 1037 1284 1213 (11ιῖἒῖοῇ
1338 1058 1467 1128 esst
1485 1063 1611 1118 cata
1650 1064 1753 1116 tua
1779 1059 2039 1118 voluntas

243 1156 584 1214 omittendae
627 1156 954 1229 provinciae,
986 1160 1070 1230 ut.
1138 1174 1177 1213 u
1369 1173 1407 1212 a
1442 1173 1553 1213 non
1596 1157 1747 1232 estis,
1778 1174 1889 1214 non
1932 1157 2041 1214 dis-

241 1255 494 1311 sensione
533 1271 596 1310 ac
625 1252 852 1310 discidio
879 1256 1082 1323 vestro,
1113 1252 1212 1310 sed
1253 1253 1545 1312 voluntate
1591 1271 1655 1311 wc
1694 1253 1899 1312 iudicio
1939 1259 2040 1312 tuo

242 1352 452 1408 factum
483 1368 600 1408 esse
621 1349 890 1408 videatur.
977 1349 1102 1419 Qua
1127 1367 1186 1407 re
1214 1355 1274 1407 et
1300 1350 1413 1422 illa,
1440 1369 1581 1425 quae
1609 1351 1833 1424 violata,
1858 1353 2039 1426 expia-

244 1450 456 1506 buntur
482 1452 541 1505 et
582 1447 716 1505 haec
744 1452 934 1505 nostra
1019 1465 1058 1504 u
1094 1465 1125 1505 e
1150 1453 1287 1505 sunt
1326 1449 1677 1506 sanctissime
1698 1455 2033 1524 conservata,

241 1564 400 1603 suam
443 1545 763 1617 religionem
803 1465 1152 1643 obtul&
1241 1545 1294 1604 ⁸.
1341 1545 1461 1602 Nos
1502 1546 1593 1604 hie
1633 1548 1693 1604 in
1733 1565 1792 1604 re
1818 1548 2039 1621 publica

242 1643 480 1715 infirma,
524 1642 726 1698 misera
766 1605 1256 1714 coffiutabilique
1296 1660 1595 1702 versamur.
1684 1644 1863 1702 Credo
1891 1647 2038 1702 enim

242 1747 300 1798 te
327 1741 548 1798 audisse
575 1743 794 1796 nostros
821 1739 948 1812 equi
1007 1757 1036 1806 s
1061 1756 1236 1812 paene
1263 1757 1298 1796 a
1323 1745 1525 1798 senatu
1552 1759 1671 1798 esse
1698 1741 2033 1799 disiunctos:

241 1840 340 1912 qui
366 1838 608 1911 primum
651 1835 793 1893 illud
819 1819 928 1894 ’ἴῖἇὶ
965 1853 996 1892 e
1139 1836 1287 1893 viter
1326 1836 1593 1908 tulerunt,
1625 1836 2035 1910 promulgatum

241 1955 310 1994 ex
352 1940 580 1993 senatus
608 1933 824 1992 consult
863 1934 1070 2032 Juniffie
1103 1938 1170 1990 ut
1209 1934 1279 1991 de
1307 1935 1401 2006 eis,
1433 1935 1531 2007 qui
1571 1935 1643 1991 ob
1682 1935 2037 1994 iudicandum

240 1952 994 2122 accepissent‚‘⁸q‘sffi⁴e‘1·⁴e{ae·ur.
1083 2030 1208 2100 Qua
1236 2031 1295 2087 in
1322 2048 1381 2088 re
1409 2031 1752 2089 decernenda
1779 2051 1905 2090 oum
1936 2052 2039 2107 ego

240 2149 372 2188 casu
398 2149 510 2188 non
551 2129 851 2186 adfuissem
893 2129 1297 2202 sensissemque
1338 2129 1397 2186 id
1439 2135 1750 2203 equestrem
1791 2133 2037 2190 ordinem

238 2231 382 2287 ferre
410 2226 641 2285 moleste
685 2244 860 2299 neque
887 2231 1076 2299 aperte
1104 2226 1285 2284 dicere
1333 2226 1495 2283 obiur
1532 2229 1624 2288 avi
1665 2234 1939 2302 senatum,
1972 2235 2037 2289 ut

239 2327 384 2384 mihi
422 2325 573 2382 visus
601 2343 744 2396 sum,
773 2341 992 2381 summa
1033 2342 1162 2382 cum
1187 2307 1224 2380 a'
1225 2271 1319 2408 u&
1320 2342 1351 2380 o
1382 2324 1523 2382 itate
1550 2330 1609 2382 et
1650 2325 1708 2383 in
1737 2345 1902 2384 causa
1927 2343 2037 2386 non

239 2423 549 2482 verecunda
595 2421 893 2479 admodum
945 2423 1156 2494 gravis'
1185 2427 1245 2479 et
1290 2343 1695 2496 fflfui.
1785 2424 1838 2485 9.
1898 2428 2037 2484 Ecce

239 2522 380 2580 aliae
409 2520 638 2582 deliciae
673 2519 1062 2634 Qum
1087 2507 1377 2579 ferendae!
1421 2540 1558 2594 quas
1594 2540 1695 2594 ego
1722 2541 1833 2580 non
1860 2525 2036 2581 solum

239 2623 361 2694 tuli,
411 2621 509 2678 sed
563 2621 731 2677 etiam
779 2635 986 2677 ornavn
1070 2619 1265 2677 Asiam
1307 2622 1404 2694 qui
1451 2622 1520 2679 de
1562 2624 1875 2681 censoribus
1917 2642 2037 2681 con-

232 2721 534 2818 gaegerunt,
606 2719 790 2792 questi
851 2719 1409 2874 sfflqtfflffg,„
1441 2737 1533 2801 se=
1561 2720 1867 2793 cupiditate
1919 2740 2038 2794 pro-

236 2819 420 2891 lapsos
448 2817 683 2873 nimium
709 2834 911 2888 magno
939 2835 1038 2874 con
1079 2818 1174 2874 uxi
1232 2835 1296 2876 e:
1339 2823 1405 2874 ut
1443 2816 1793 2877 induceretur
1819 2818 2033 2890 locati0,

235 2914 675 2990 postulaverunt.
803 2915 922 2986 Ego
988 2915 1239 2986 princeps
1320 2915 1379 2970 in
1447 2914 1792 2972 adiutoribus
1868 2921 2037 2990 atque

235 3013 379 3070 adeo
435 3011 741 3068 secundus:
804 3028 950 3081 nam,
1001 3010 1236 3122 th
1256 3010 1524 3067 auderent
1577 3011 1682 3068 hoc
1735 3003 2033 3084 postulare,

237 3110 472 3168 Crassus
527 3127 620 3165 eos
666 3107 904 3180 impulit.
994 3107 1283 3164 Invidiosa
1337 3125 1440 3178 res,
1501 3109 1681 3181 turpis
1735 3111 2036 3182 postulatio

234 3212 293 3266 et
343 3205 614 3264 confessio
661 3205 1009 3262 temeritatis,
1097 3203 1391 3263 Summum
1436 3208 1556 3260 erat
1600 3207 1903 3278 periculum
1945 3225 2030 3280 ne,

2060 2557 2407 2698 da„

2084 2686 2373 2762 *Qu-0
