2434 3734
598 217 955 270 APPENDIX
989 219 1075 270 ΤΟ
1115 217 1639 272 INTRODUOTION
1922 209 2017 270 cix

591 1048 1086 1101 CONVIVIORUM
1131 1047 1647 1100 CIRCULATORES

216 1191 268 1240 N
269 1204 344 1240 011
389 1187 580 1240 desunt
622 1203 710 1255 per
753 1189 901 1239 urbes
939 1203 1147 1254 magnas
1191 1188 1487 1238 homunculi
1520 1187 1727 1254 quidam
1766 1187 1855 1254 qui
1893 1187 2012 1239 lecti

215 1269 308 1318 imi
329 1267 576 1318 derisores
599 1270 775 1332 agunt,
805 1269 859 1316 et
881 1265 1174 1317 facetiarum
1197 1265 1459 1316 institores
1481 1266 1525 1316 si
1548 1265 1673 1332 quid
1694 1265 1897 1316 ridiculi
1918 1267 2013 1317 sub

215 1346 438 1396 basilicis
471 1349 686 1396 emanet.
775 1345 969 1406 Quibus
1002 1344 1247 1410 quamdiu
1285 1345 1409 1395 satis
1442 1344 1645 1395 videtur
1685 1348 2011 1411 patronorum

215 1423 356 1489 logos
378 1422 605 1472 baiulare
628 1425 681 1472 et
702 1422 848 1488 quasi
868 1424 956 1482 τὴν
981 1423 1251 1482 καπηλικὴν
1276 1422 1448 1483 facere,
1477 1421 1601 1472 satis
1630 1421 1761 1472 belle
1783 1422 1977 1472 vivitur
1997 1439 2011 1484 ;

214 1503 271 1551 at
292 1499 544 1565 siquando
567 1499 768 1561 salinas,
797 1502 860 1550 ut
890 1499 966 1549 ita
998 1497 1179 1560 dicam,
1207 1514 1323 1548 suas
1357 1515 1578 1549 exercere
1612 1499 1866 1563 affectant,
1896 1517 2009 1552 oon-

213 1577 432 1627 turbant
454 1576 587 1626 ilico.
661 1575 768 1626 Scis
791 1575 928 1626 enim
953 1575 1247 1626 Persianum
1269 1574 1401 1625 inud

927 1687 1563 1738 ,ftmtmtedaDmmthum

631 1751 1580 1802 Simmpomorcarmotmammndo.

215 1868 298 1918 Ita
330 1867 394 1916 fit
425 1869 490 1915 ut
522 1864 788 1916 Laeliastri
820 1865 926 1914 sive
957 1863 1247 1915 Luciliastri
1276 1863 1498 1915 evadant
1529 1865 1797 1916 sanniones
1827 1869 2003 1929 nostri,

214 1944 375 1994 Laelii
397 1945 492 1994 aut
525 1941 709 1992 Lucilii
743 1957 1098 2008 nequaquam3
1137 1945 1204 2004 et,
1247 1941 1672 2008 quemadmodum
1707 1943 1837 2008 regis
1872 1943 2007 2009 pedi-

211 2037 398 2088 sequus
419 2019 489 2070 ad
509 2033 753 2084 magnum
775 2019 941 2070 creber
963 2019 1182 2080 accedat,
1210 2018 1278 2069 ad
1298 2019 1704 2086 magnitudinem
1726 2037 2003 2087 nunquam,

211 2101 284 2150 sic
304 2100 444 2150 inter
467 2097 660 2164 lepores
681 2113 877 2164 semper
898 2099 1085 2149 versati
1107 2098 1288 2149 vivant
1309 2098 1409 2164 ipsi
1429 2097 1643 2164 illepidi.

953 2415 1281 2464 ΣΤΡΦΕΓΟΣ

210 2558 320 2609 SED
341 2572 408 2608 ne
431 2571 633 2606 summa
655 2553 860 2620 quidem
882 2553 1151 2619 diligentia
1173 2554 1428 2619 prohiberi
1449 2556 1620 2620 potuit
1654 2558 1779 2622 quin
1812 2558 2006 2624 aliquid

208 2632 465 2684 inconditi
487 2634 542 2681 et
563 2631 804 2696 imparati
825 2634 988 2680 castra
1009 2645 1128 2695 prae
1150 2645 1202 2680 se
1225 2631 1427 2680 ferrent.
1503 2633 1795 2698 Speculator
1826 2635 2007 2684 missus

209 2727 235 2762 e
278 2709 554 2762 Britannia.
599 2707 796 2758 circiter
842 2707 966 2758 Idus
1009 2707 1251 2758 Octobres
1294 2709 1627 2771 renunciavit,
1668 2710 1942 2760 exercitum
1981 2727 2007 2760 e

207 2789 415 2840 senibus
438 2785 666 2838 barbatis
685 2790 742 2851 et
762 2786 929 2850 pueris
955 2785 1265 2835 imberbibus
1298 2786 1423 2835 mire
1456 2787 1743 2837 commixtis
1765 2803 1869 2837 esse
1890 2803 2003 2837 con-

206 2868 392 2918 flatum
415 2881 432 2927 3
463 2863 697 2914 homines
718 2863 975 2929 capulares
995 2865 1050 2914 et
1069 2861 1472 2912 adulescentulos
1488 2863 1771 2928 gladiorum
1789 2864 2007 2930 pondere

206 2945 436 3004 levioreS,
479 2939 802 3006 longitudino
836 2938 1184 2990 mediusfidius
1218 2939 1484 3001 brevioreS,
1524 2955 1629 2989 una
1663 2940 1868 2990 tendere
1888 2959 1902 3003 3
1940 2942 2005 2992 ad

205 3026 454 3090 quattuor
470 3018 555 3070 vel
571 3019 795 3084 quinque
809 3017 954 3067 milia
969 3021 1200 3067 strenuos
1217 3032 1337 3067 sane
1354 3017 1605 3082 fortesque
1622 3017 1755 3066 viros
1775 3035 1789 3079 ;
1818 3021 2005 3069 ceteros

205 3115 322 3151 vero
358 3112 526 3148 meras
561 3095 874 3161 quisquilias,
903 3093 1129 3144 sordidos
1159 3098 1212 3145 et
1248 3093 1559 3144 truculentos
1594 3094 1829 3157 latrones,
1866 3111 2002 3162 prae·

203 3176 388 3228 darum
411 3187 570 3240 quam
591 3172 833 3237 principis
849 3171 1143 3236 cupidiore8‚
1169 3171 1443 3222 centussim
1460 3170 1657 3222 Caesari
1673 3173 1997 3237 praelaturos·
