2434 3734
809 242 1012 294 Lxxv.
1052 230 1221 313 (ATT.
1261 244 1370 295 xv.
1411 236 1498 314 15)
1948 250 2043 301 116

500 448 764 509 LXXIV.
814 450 911 507 ΤΟ
954 450 1290 509 ATTIOUS
1336 448 1502 531 (Arm.
1548 468 1649 510 xv.
1696 450 1795 531 16>

411 593 775 653 memnon,
817 594 1011 642 A.U.c.
1051 592 1182 652 710;
1229 595 1345 643 B.0.
1388 595 1483 654 443
1528 596 1665 643 Am.
1707 597 1825 646 010.
1856 598 1917 646 62

341 723 413 769 De
445 720 620 769 litteris
653 736 683 768 a
715 722 940 769 Cicerone
972 735 1060 769 suo
1089 722 1285 781 eiusque
1318 723 1555 783 magistris
1588 725 1809 785 acceptis.
1883 727 2045 775 Cicero

261 800 424 848 Attico
457 798 692 859 significat
714 813 766 845 se
798 800 850 845 in
872 800 1160 846 amoenitate
1193 798 1337 846 villae
1360 814 1474 847 suae
1506 800 1569 849 ad
1600 802 1760 849 lacum
1784 803 2043 852 Lucrinum

259 881 420 925 tamen
441 876 766 925 Tusculanum
791 890 934 924 suum
957 877 1238 924 desiderare.

364 994 412 1053 1.
460 992 707 1050 Tandem
727 1010 760 1049 a
783 991 1041 1050 Cicerone
1061 991 1400 1065 tabellarius,
1422 997 1481 1050 et
1499 993 1807 1053 mehercule
1827 996 2047 1057 litterae

261 1085 643 1165 πεπινωμένως
661 1090 912 1163 scriptae,
938 1090 1085 1162 quod
1106 1090 1291 1163 ipsum
1310 1086 1608 1165 προκοπὴν
1624 1090 1865 1164 aliquam
1884 1095 2047 1167 signi-

258 1189 403 1262 ficat,
436 1189 681 1261 itemque
709 1188 877 1245 ceteri
904 1186 1184 1260 praeclara
1211 1187 1475 1245 scribunt.
1563 1187 1832 1247 Leonides
1860 1196 2044 1249 tamen

258 1286 461 1344 retinet
515 1303 678 1343 suum
741 1284 882 1342 illud
942 1285 1184 1344 ADHUc.
1302 1284 1544 1343 Summis
1597 1303 1727 1345 vero
1791 1287 2046 1346 laudibus

260 1383 521 1441 Herodes.
612 1381 760 1453 Quid
801 1382 1056 1455 quaeris?
1137 1381 1245 1438 Vel
1297 1382 1467 1439 verba
1519 1383 1659 1440 mihi
1714 1383 1834 1441 dari
1887 1386 2047 1443 facile

257 1482 439 1554 patior
457 1482 516 1538 in
537 1480 640 1538 hoe
661 1498 857 1553 meque
877 1480 1115 1537 libenter
1131 1480 1365 1552 praebeo
1383 1480 1680 1541 credulum.
1754 1481 1840 1539 Tu
1860 1482 2041 1556 velim,

257 1579 306 1634 si
333 1578 469 1650 quid
497 1577 604 1635 tibi
645 1583 730 1634 est
758 1596 792 1634 a
833 1577 1017 1635 Statio
1045 1577 1311 1649 scriptum
1339 1576 1487 1650 quod
1526 1578 1803 1651 pertineat
1843 1580 1914 1636 ad
1941 1600 2046 1651 me,

257 1676 542 1732 certiorem
571 1692 660 1733 me
696 1675 882 1733 facias.
971 1676 1022 1732 2.
1071 1674 1253 1731 Narro
1292 1674 1397 1732 tibi
1423 1697 1435 1734 :
1488 1676 1621 1733 haec
1656 1676 1778 1734 loca
1810 1683 2046 1735 venusta

259 1777 406 1843 sunt,
451 1772 644 1829 abdita
685 1776 829 1830 certe
871 1774 944 1843 et,
975 1772 1025 1827 si
1065 1771 1199 1843 quid
1240 1771 1475 1829 scribere
1516 1772 1668 1845 velis,
1712 1772 1785 1829 ab
1823 1774 2045 1831 arbitris

257 1870 448 1927 libera.
533 1868 644 1926 Sed
683 1868 866 1925 nescio
902 1886 1012 1942 quo
1048 1867 1210 1924 modo
1249 1862 1403 1925 οἶκος
1442 1865 1630 1941 φίλος.
1718 1870 1917 1943 Itaque
1956 1891 2046 1930 me

257 1968 503 2025 referunt
550 1966 716 2039 pedes
761 1967 821 2023 in
863 1966 1253 2022 Tusculanum.
1341 1965 1417 2023 Et
1464 1972 1651 2024 tamen
1693 1968 1827 2026 haec
1871 1966 2045 2043 ῥωπο-

261 2060 482 2141 γραφία
544 2063 754 2136 ripulae
807 2063 1032 2121 videtur
1095 2062 1357 2119 habitura
1416 2063 1646 2121 celerem
1708 2065 2041 2127 satietatem.

258 2162 533 2235 Equidem
587 2162 758 2218 etiam
811 2162 1030 2235 pluvias
1085 2165 1289 2231 metuo,
1346 2161 1396 2217 si
1455 2162 1806 2235 prognostica
1858 2169 2045 2222 nostra

256 2277 390 2316 vera
415 2263 561 2317 sunt.
651 2259 842 2315 Ranae
884 2259 1030 2315 enim
1069 2255 1489 2333 ῥητορεύουσιν.
1578 2260 1677 2331 Tu,
1711 2278 1927 2333 quaes0,
1958 2262 2045 2320 fae

256 2356 426 2413 sciam
451 2356 551 2413 ubi
580 2355 820 2413 Brutum
847 2360 1097 2413 nostrum
1125 2359 1182 2412 et
1212 2375 1321 2430 quo
1349 2357 1438 2413 die
1464 2356 1652 2414 videre
1679 2359 1899 2430 possim.

520 2555 753 2659 LXXls.
797 2601 894 2658 TO
937 2602 1273 2661 ATTIGUS
1317 2602 1485 2681 (Arm.
1532 2620 1633 2660 xv.
1682 2601 1781 2680 15)

387 2748 752 2807 LUORINUM,
793 2747 985 2796 A.U.C.
1027 2745 1155 2806 7103
1201 2748 1321 2797 B.c.
1363 2747 1459 2808 443
1505 2748 1647 2796 AET.
1688 2748 1807 2798 010.
1848 2749 1911 2797 62

339 2876 411 2924 De
454 2876 509 2924 L.
559 2876 770 2922 Antonio
820 2874 1091 2922 Buthrotiis
1146 2875 1363 2935 molesto,
1415 2875 1475 2921 de
1529 2876 1737 2921 nummis
1792 2876 1847 2923 L.
1898 2876 2045 2923 Fadio

257 2954 494 3012 curandis,
523 2954 584 3000 de
607 2954 860 3013 Cleopatra.
893 2955 942 3000 et
975 2953 1268 3000 Hammonio
1302 2955 1351 2999 et
1384 2953 1513 3010 Sara,
1543 2952 1603 2999 de
1635 2953 1927 3013 profectione
1960 2967 2045 2999 sua

258 3046 344 3093 per
381 3032 538 3079 Erotis
570 3031 972 3091 dispensationem
1006 3031 1253 3091 impedita,
1289 3030 1350 3078 de
1382 3030 1597 3078 Ciceroni
1630 3044 1717 3078 suo
1749 3031 1799 3077 in
1833 3045 2043 3079 annuum

259 3111 506 3171 sumptum
529 3109 743 3157 Athenas
765 3109 1099 3170 permutando,

365 3225 414 3282 1.
461 3226 523 3281 L.
550 3224 794 3281 Antonio
815 3223 959 3280 male
979 3223 1089 3281 sit!
1133 3224 1182 3279 si
1203 3224 1424 3295 quidem
1450 3224 1760 3281 Buthrotiis
1782 3224 2044 3282 molestus
