2434 3734
841 249 932 300 lx,
971 237 1054 320 (Q.
1093 249 1192 300 PR.
1234 250 1274 300 1.
1312 239 1369 320 3)
1931 253 1992 305 17

200 427 348 483 rog0,
381 408 531 483 quod
558 408 714 481 pueri
756 408 865 466 tibi
891 408 1076 466 verbis
1105 410 1243 466 meis
1271 410 1617 484 nuntiarunt,
1649 415 1716 468 ut
1757 411 1994 468 Romam

200 509 455 582 protinus
484 525 682 580 pergas
711 511 769 564 et
807 524 1078 580 properes.
1168 507 1423 565 Primum
1460 510 1608 566 enim
1636 514 1695 567 te
1723 510 1994 581 praesidio

200 624 320 664 esse
341 604 512 677 volui,
534 605 584 662 si
611 605 708 678 qui
729 610 913 662 essent
941 605 1152 662 inimici
1173 623 1408 678 quorum
1430 606 1727 664 crudelitas
1746 606 1994 664 nondum

201 704 348 758 esset
376 703 566 756 nostra
594 697 911 755 calamitate
937 700 1159 758 satiata.
1231 697 1450 757 Deinde
1480 718 1799 772 congressus
1820 703 1995 758 nostri

201 798 657 856 lamentationem
704 797 982 868 pertimui,
1028 796 1336 869 digressum
1383 814 1515 856 vero
1562 816 1672 856 non
1720 798 1989 872 tulissem,

203 901 372 968 atque
415 895 585 952 etiam
625 893 684 951 id
724 895 907 966 ipsum
947 894 1096 967 quod
1138 899 1204 951 tu
1244 895 1454 967 scribis,
1486 896 1819 967 metuebam,
1851 914 1920 954 ne
1961 917 1996 954 a

203 1013 294 1052 me
343 993 581 1050 distrahi
622 1011 732 1050 non
775 1010 975 1066 posses.
1058 993 1168 1050 His
1212 993 1283 1050 de
1327 994 1505 1051 causis
1547 994 1651 1050 hoc
1689 996 1994 1052 maximum

205 1092 432 1163 malum,
464 1090 610 1163 quod
652 1094 710 1147 te
742 1107 854 1146 non
882 1090 1000 1146 vidi
1042 1108 1150 1163 quo
1178 1090 1322 1147 nihil
1363 1091 1760 1148 amantissimis
1788 1097 1846 1150 et
1874 1111 1995 1150 con-

205 1189 570 1249 iunctissimis
590 1187 858 1246 fratribus
880 1188 1128 1246 acerbius
1155 1189 1481 1246 miseriusve
1502 1188 1725 1246 videtur
1752 1189 1995 1248 accidere

205 1289 466 1363 potuisse,
525 1287 710 1343 minus
765 1286 1041 1359 acerbum,
1093 1288 1279 1344 minus
1334 1288 1597 1344 miserum
1651 1288 1776 1359 fuit,
1829 1307 1995 1361 quam

205 1388 407 1444 fuisset
455 1403 580 1442 cum
629 1384 938 1456 congressio
985 1389 1110 1441 tum
1159 1402 1288 1441 vero
1336 1384 1600 1458 digressio
1648 1391 1849 1444 nostra.
1938 1387 1991 1445 5.

207 1485 263 1542 N
267 1503 393 1554 unc,
423 1483 472 1539 si
498 1486 672 1554 potes,
704 1481 764 1537 id
843 1481 960 1586 uod
1082 1526 1096 1553 ,
1130 1481 1229 1554 qui
1270 1481 1378 1538 tibi
1405 1499 1619 1555 semper
1658 1482 1823 1540 fortis
1850 1484 1997 1541 vide-

207 1582 322 1652 bar,
355 1598 467 1637 non
507 1596 746 1651 possum,
781 1595 928 1650 erige
969 1582 995 1634 t
1056 1582 1116 1635 et
1157 1577 1438 1652 confirma,
1468 1579 1518 1635 si
1559 1597 1671 1652 qua
1711 1580 1998 1637 subeunda

208 1678 492 1736 dimicatio
529 1677 651 1736 erit.
737 1675 924 1748 Spero,
957 1677 1005 1732 si
1045 1676 1181 1748 quid
1222 1694 1347 1733 mea
1386 1694 1511 1749 spes
1553 1677 1723 1734 habet
1764 1679 1995 1735 auctori-

209 1777 362 1848 tatis,
393 1775 503 1832 tibi
528 1779 586 1832 et
613 1774 995 1846 integritatem
1023 1777 1182 1830 tuam
1210 1778 1269 1831 et
1296 1791 1539 1832 amorem
1567 1775 1627 1831 in
1664 1779 1723 1832 te
1750 1776 1997 1833 civitatis

209 1879 267 1932 et
307 1873 481 1945 aliqui
563 1872 732 1930 etiam
773 1871 1204 1928 misericordiam
1232 1872 1411 1929 nostri
1435 1889 1503 1945 pr
1568 1873 1697 1929 sidii
1738 1872 1992 1932 laturam.

131 1969 311 2086 *Sin
339 1969 449 2026 eris
511 1968 549 2024 b
577 1967 686 2023 isto
714 1965 955 2039 periculo
983 1980 1222 2039 vacuus,·
1460 1966 1471 1979 ⁰
1522 1972 1628 2039 cet,
1654 1967 1702 2024 si
1731 1967 1863 2039 quid
1906 1968 1997 2039 agi

208 2085 367 2141 posse
396 2066 465 2123 de
492 2065 650 2121 nobis
678 2065 918 2137 putabis.
1006 2065 1095 2121 De
1123 2082 1234 2137 quo
1261 2065 1514 2122 scribunt
1556 2065 1628 2122 ad
1656 2083 1744 2122 me
1772 2065 1996 2138 quidem

209 2165 377 2223 multi
424 2163 604 2220 multa
645 2167 709 2220 et
757 2181 814 2234 se
863 2180 1081 2235 sperare
1129 2162 1529 2235 demonstrant,
1570 2163 1669 2220 sed
1716 2181 1816 2236 ego
1863 2165 1997 2236 quid

208 2281 424 2337 sperem
453 2279 562 2319 non
591 2260 836 2333 dispici0,
862 2278 988 2317 cum
1009 2261 1221 2317 inimici
1241 2259 1541 2333 plurimum
1568 2261 1808 2332 valeant,
1835 2263 1997 2320 amici

208 2360 416 2432 partim
457 2358 798 2415 deseruerint
839 2375 942 2429 me,
974 2359 1180 2431 partim
1223 2358 1395 2416 etiam
1422 2359 1779 2431 prodiderint,
1812 2360 1910 2431 qui
1937 2361 1995 2417 in

209 2476 330 2516 meo
350 2456 537 2514 reditu
576 2456 810 2513 fortasse
837 2456 1313 2529 reprehensionem
1342 2457 1428 2513 sui
1456 2456 1674 2514 sceleris
1714 2459 1998 2531 pertimes-

207 2559 354 2614 cant.
443 2553 551 2612 Sed
593 2555 703 2617 ista
744 2553 930 2637 qualia
964 2554 1089 2666 ⁵212}
1127 2560 1192 2613 tu
1232 2554 1401 2612 velim
1428 2556 1724 2628 perspicias
1751 2555 1997 2628 mihique

208 2653 466 2710 declares.
555 2651 674 2724 Ego
685 2615 924 2721 Tamen,
933 2625 1118 2724 ‘quam
1159 2651 1259 2708 diu
1298 2653 1405 2709 tibi
1446 2670 1583 2724 opus
1624 2653 1746 2725 erit,
1776 2653 1825 2709 si
1863 2653 1998 2724 quid

207 2749 440 2823 periculi
479 2748 827 2806 subeundum
867 2747 1100 2819 videbis,
1132 2749 1357 2807 vivam:
1406 2749 1619 2806 diutius
1646 2751 1705 2806 in
1746 2749 1849 2806 hac
1876 2751 1998 2808 vita

207 2863 326 2904 esse
354 2863 466 2902 non
493 2863 732 2917 possum.
807 2845 1008 2944 §teque
1022 2846 1180 2910 'enim
1208 2850 1433 2903 tantum
1452 2846 1658 2903 virium
1686 2846 1855 2904 habet
1882 2846 1999 2904 ulla

205 2949 306 3002 aut
355 2943 652 3017 prudentia
697 2948 796 3001 aut
841 2915 1136 3014 (1ιοῖιῦέίᾗᾶζῖ
1152 2963 1191 3001 u
1265 2943 1773 3055 t³2n⁶EP49⁰¹⁰rem
1823 2947 1997 3017 possit

103 3047 109 3052 '
205 3044 497 3101 sustinere.
587 3041 640 3100 6.
687 3041 815 3099 Scio
853 3042 1024 3099 fuisse
1053 3047 1110 3121 et
1193 3029 1439 3135 9129:st
1466 3041 1737 3100 moriendi
1747 3047 1998 3133 >tempus

204 3146 264 3198 et
312 3139 526 3210 utilius,
559 3138 658 3196 sed
705 3157 816 3196 non
864 3111 1588 3225 hocssssslum,‘xmiilta“alia
1633 3127 1994 3214 praetermisi,

205 3255 348 3314 quae
377 3237 427 3293 si
455 3235 611 3311 queri
638 3235 807 3292 velim
833 3237 1150 3309 praeterita,
1181 3235 1324 3292 nihil
1351 3253 1511 3308 agam
1540 3236 1647 3292 nisi
1674 3240 1741 3292 ut
1768 3255 1999 3310 augeam

1096 3357 1130 3401 G
