2434 3734
420 247 482 295 32
984 243 1154 294 xvn.
1194 231 1379 312 (ΒΑΜ.
1419 244 1538 294 vn.
1582 233 1635 314 1)

421 397 750 470 Hispaniam
773 397 1030 474 †Dexius
1044 397 1257 473 †——illo
1274 402 1333 455 et
1348 396 1578 455 absente
1596 402 1654 455 et
1672 398 1941 454 insciente
1948 397 2200 470 migrare.

420 495 525 550 Est
565 495 704 550 mihi
743 494 1120 566 gratissimum
1163 494 1310 550 tanti
1351 513 1385 551 a
1424 499 1482 551 te
1524 496 1875 552 aestimatam
1917 499 2206 551 consuetu-

419 591 604 647 dinem
646 591 794 648 vitae
836 591 1124 663 victusque
1166 591 1359 663 nostri,
1404 593 1661 664 primum,
1707 596 1773 648 ut
1812 609 1935 648 eam
1980 592 2205 648 domum

419 706 676 760 sumeres,
708 693 774 744 ut
801 706 911 744 non
940 688 1102 744 modo
1139 707 1309 760 prope
1337 706 1442 759 me,
1474 688 1572 745 sed
1608 688 1771 761 plane
1804 706 2019 745 mecum
2052 688 2208 745 habi-

419 791 538 842 tare
565 803 764 858 posseS,
798 784 994 842 deinde
1021 790 1087 841 ut
1113 787 1351 858 migrare
1390 790 1549 842 tanto
1578 803 1737 858 opere
1764 785 2007 842 festines.
2096 785 2207 842 Sed

419 902 488 941 ne
515 885 716 954 vivam,
743 885 792 939 si
819 883 925 939 tibi
953 884 1201 954 concedO,
1228 879 1294 940 ut
1321 883 1441 940 eius
1468 884 1546 940 rei
1576 888 1640 940 tu
1662 882 1909 955 cupidior
1935 884 2010 940 sis
2039 901 2207 955 quam

419 999 519 1054 ego
546 999 684 1038 sum.
771 981 972 1053 Itaque
995 982 1180 1037 omnia
1200 981 1461 1053 experiar.
1543 980 1721 1037 Video
1747 981 1896 1037 enim
1923 980 2058 1052 quid
2086 998 2209 1035 mea

419 1079 656 1149 intersit,
689 1077 824 1151 quid
860 1079 1148 1150 utriusque
1185 1082 1454 1134 nostrum.
1542 1077 1603 1134 Si
1640 1076 1774 1149 quid
1801 1095 1975 1148 eger-0,
2006 1077 2208 1132 faciam

420 1181 486 1232 ut
526 1175 680 1232 scias.
790 1175 876 1230 Tu
917 1179 975 1232 et
1017 1175 1089 1232 ad
1130 1179 1315 1231 omnia
1355 1174 1619 1231 rescribes
1660 1178 1719 1230 et
1759 1175 1980 1245 quando
2021 1179 2078 1230 te
2120 1193 2209 1230 ex-

421 1277 663 1344 spectem
690 1272 854 1328 facies
883 1291 986 1342 me,
1018 1272 1066 1328 si
1094 1272 1200 1328 tibi
1229 1271 1467 1342 videtur,
1500 1273 1800 1330 certiorem.

501 1560 694 1618 XVII.
742 1560 839 1616 TO
888 1560 968 1618 Μ.
1017 1559 1343 1641 MARJUS,
1392 1575 1462 1617 m
1504 1575 1606 1616 111s
1647 1559 1845 1616 VILLA
1884 1576 1967 1616 on
2009 1577 2131 1616 'rim

810 1659 946 1714 BAY
987 1674 1061 1714 or·
1102 1659 1158 1714 N
1162 1674 1349 1714 APLEs
1392 1656 1575 1736 (ΒΑΜ.
1608 1674 1718 1716 vn.
1756 1653 1816 1735 1)

647 1805 840 1862 ROME,
873 1803 1064 1852 A.U.C.
1105 1805 1236 1862 6993
1282 1804 1397 1852 Ro,
1440 1804 1537 1862 553
1583 1804 1722 1852 AET.
1764 1803 1881 1851 010.
1923 1803 1983 1852 51

505 1937 570 1983 M.
614 1935 777 1981 Cicero
813 1934 999 1993 probat,
1033 1933 1162 1993 quod
1199 1934 1265 1981 M.
1304 1933 1486 1980 Marius
1522 1933 1663 1979 ludos
1702 1947 1731 1978 a
1764 1933 1991 1991 Pompeio
2026 1931 2077 1978 H
2111 1945 2208 1980 cos·

423 2014 578 2060 editos
613 2014 882 2071 spectatum
903 2025 1001 2056 non
1022 2011 1221 2057 venerit.
1294 2010 1354 2056 Se
1388 2023 1577 2069 quoque
1598 2010 1780 2055 interea
1806 2009 1994 2054 Caninii
2020 2023 2214 2054 causam

423 2091 572 2149 egisse
603 2092 768 2136 narrat
801 2091 850 2135 et
883 2091 1048 2148 optare
1071 2102 1122 2134 se
1155 2088 1238 2145 ait,
1263 2089 1333 2144 ut,
1359 2087 1545 2133 omissis
1577 2087 1719 2132 rebus
1752 2074 2036 2144 forensibuS,
2064 2086 2215 2132 libere

424 2167 576 2226 possit
598 2167 649 2211 in
674 2166 802 2212 villis
824 2168 873 2212 et
896 2178 1006 2211 cum
1030 2165 1184 2210 Mario
1205 2164 1379 2220 vivere.

913 2307 977 2348 M.
1011 2306 1225 2347 CICERO
1255 2305 1299 2347 S.
1330 2305 1391 2348 -D,
1423 2305 1487 2346 M.
1521 2304 1718 2345 MARIO

531 2435 580 2494 1.
629 2435 690 2492 Si
717 2439 774 2491 te
795 2434 951 2491 dolor
977 2434 1150 2507 aliqui
1171 2434 1409 2506 corporis
1436 2437 1535 2490 aut
1561 2432 1857 2489 infirmitas
1878 2431 2217 2490 valetudinis

425 2539 554 2591 tuae
596 2532 778 2590 tenuit
817 2549 927 2605 quo
959 2532 1142 2588 minus
1170 2531 1243 2587 ad
1282 2530 1443 2587 ludos
1480 2530 1711 2602 venireS,
1744 2530 1996 2587 fortunae
2037 2531 2217 2602 magis

424 2632 609 2690 tribuo
669 2648 836 2702 quam
897 2629 1199 2701 sapientiae
1261 2632 1425 2686 tuae:
1488 2628 1575 2684 sin
1636 2626 1785 2697 haec,
1844 2645 1987 2698 quae
2046 2629 2219 2686 ceteri

425 2730 711 2800 mirantur,
743 2726 1142 2785 contemnenda
1182 2725 1393 2782 duxisti
1430 2731 1503 2796 et,
1536 2743 1661 2782 cum
1701 2743 1798 2797 per
1838 2723 2217 2781 valetudinem

424 2845 625 2900 posses,
670 2826 856 2882 venire
901 2830 1086 2882 tamen
1133 2823 1379 2893 noluisti,
1414 2829 1714 2895 utrumque
1759 2821 1950 2893 laetor,
1991 2825 2051 2878 et
2098 2822 2218 2879 sine

425 2924 610 2981 dolore
649 2923 889 2996 corporis
916 2927 975 2979 te
1015 2921 1184 2978 fuisse
1213 2926 1271 2977 et
1298 2921 1483 2976 animo
1522 2919 1775 2989 valuisse,
1810 2936 1933 2975 cum
1961 2937 2041 2988 ea,
2073 2937 2217 2990 quae

426 3023 543 3079 sine
587 3039 751 3078 causa
797 3021 1071 3077 mirantur
1111 3019 1222 3089 alii,
1255 3017 1593 3090 neglexeris3
1634 3015 1797 3072 modo
1836 3021 1904 3072 ut
1945 3016 2051 3072 tibi
2094 3034 2219 3072 con·

425 3119 634 3176 stiterit
675 3118 888 3174 fructus
917 3117 1018 3174 otii
1058 3117 1160 3189 tui,
1191 3133 1301 3188 quo
1329 3114 1552 3187 quidem
1592 3113 1699 3170 tibi
1738 3113 1945 3186 perfrui
1985 3113 2217 3172 mirifice

424 3216 598 3286 licuit,
625 3232 750 3272 cum
793 3232 937 3272 esses
964 3215 1021 3269 in
1063 3214 1172 3271 ista
1197 3213 1532 3270 amoenitate
1572 3229 1745 3284 paene
1781 3210 1929 3267 solus
1970 3209 2212 3270 relictus
