2434 3734
436 253 500 300 20
1069 250 1132 300 x.
1170 236 1341 319 (A‘rr.
1382 250 1479 300 111.
1520 237 1609 319 20)

436 408 578 479 n010,
607 427 675 467 ne
701 427 932 482 augeam
969 426 1284 466 maerorem.
1372 407 1483 466 sed
1523 409 1631 465 tibi
1658 409 1844 466 venire
1885 409 1944 464 in
1984 412 2231 466 mentem

435 511 583 565 certo
625 507 737 563 scio
779 525 921 579 quae
967 507 1089 564 vita
1134 511 1280 564 esset
1326 511 1531 578 nostra,
1585 523 1725 578 quae
1772 505 2035 578 suavitaS,
2088 524 2231 578 quae

434 602 691 674 dignitas,
777 602 871 658 Ad
898 621 1038 674 quae
1072 602 1456 675 recuperanda,
1489 620 1586 675 per
1624 601 1909 660 fortunas!
1953 603 2225 675 incumbe,

433 705 500 757 ιιι
546 700 695 773 facis,
743 700 998 772 diemque
1038 699 1283 757 natalem
1323 699 1535 756 reditus
1572 699 1681 756 mei
1721 717 1852 756 cura
1895 703 1963 756 ιιι
2009 700 2068 756 in
2117 701 2231 757 tuis

433 797 660 854 aedibus
709 797 1107 854 amoenissimis
1155 815 1318 869 agam
1366 801 1551 854 tecum
1600 801 1659 854 et
1698 813 1825 853 cum
1871 797 2023 855 meis.
2110 797 2231 870 Ego

435 895 563 952 huic
589 896 706 968 spei
733 899 792 952 et
819 895 1232 967 exspectationi,
1267 912 1405 966 quae
1432 894 1591 951 nobis
1617 895 1941 967 proponitur
1966 897 2225 968 maxima,

434 998 620 1050 tamen
648 992 800 1056 volui
840 991 1165 1065 praestolari
1205 991 1354 1064 apud
1395 995 1452 1048 te
1493 992 1552 1048 in
1594 990 1786 1073 Epiro,
1810 991 1907 1049 sed
1932 992 2016 1048 ita
2041 993 2113 1049 ad
2141 1012 2229 1050 me

433 1091 706 1164 scribitur,
739 1095 806 1147 ut
845 1096 1039 1164 putem
1077 1108 1196 1148 esse
1223 1090 1563 1147 commodius
1603 1108 1712 1148 non
1752 1091 1959 1148 eisdem
1995 1092 2054 1149 in
2095 1092 2231 1150 locis

433 1206 566 1246 esse.
654 1189 706 1246 2.
752 1187 840 1245 De
861 1188 1024 1244 domo
1044 1193 1102 1245 et
1125 1186 1381 1245 Curionis
1409 1188 1669 1259 oratione,
1693 1192 1761 1245 ut
1786 1187 1994 1260 scribis,
2019 1189 2103 1245 ita
2122 1195 2225 1248 est.

434 1285 504 1342 In
533 1285 790 1342 universa
815 1284 1010 1357 salute,
1043 1285 1092 1341 si
1133 1303 1197 1342 ea
1238 1285 1401 1341 modo
1435 1285 1594 1343 nobis
1634 1285 1973 1358 restituetur,
2007 1287 2231 1343 inerunt

433 1383 632 1454 omnia,
677 1401 748 1440 ex
793 1382 997 1454 quibus
1046 1382 1188 1439 nihil
1233 1382 1381 1438 malo
1422 1400 1610 1454 quam·
1636 1381 1876 1440 domum.
1967 1382 2073 1440 Sed
2122 1383 2231 1439 tibi

434 1479 575 1537 nihil
622 1478 825 1537 mando
865 1480 1210 1551 nominatim,
1260 1482 1443 1535 totum
1490 1496 1579 1535 me
1624 1483 1725 1536 tuo
1772 1479 1945 1534 amori
1991 1478 2231 1551 fideique

434 1577 768 1635 commendo,
857 1576 1016 1645 Quod
1065 1580 1122 1632 te
1169 1577 1229 1632 in
1277 1580 1439 1632 tanta
1485 1575 1792 1633 hereditate
1832 1574 1903 1633 ab
1944 1577 2094 1632 omni
2142 1594 2231 1633 oc-

435 1675 724 1747 cupatione
793 1673 1080 1746 expedisti,
1139 1670 1303 1730 valde
1372 1671 1511 1728 mihi
1577 1677 1799 1744 gratum
1853 1677 1953 1729 est.
2068 1671 2233 1741 Quod

434 1772 727 1829 facultates
763 1775 892 1827 tuas
938 1768 1011 1826 ad
1048 1787 1229 1826 meam
1267 1768 1506 1826 salutem
1542 1769 1829 1842 polliceris,
1872 1775 1937 1826 ut
1974 1771 2232 1828 omnibus

434 1871 596 1927 rebus
617 1887 652 1926 a
672 1874 729 1926 te
755 1872 974 1942 praeter
993 1870 1200 1924 ceteros
1222 1865 1392 1938 iuver,
1418 1864 1478 1921 id
1498 1871 1771 1938 quantum
1792 1867 1867 1923 sit
1894 1868 2230 1939 praesidium

433 1967 594 2025 video
622 1966 990 2038 intellegoque
1026 1970 1084 2023 te
1109 1964 1317 2021 multas
1358 1968 1544 2036 partes
1584 1982 1739 2022 meae
1777 1964 1975 2022 salutis
2016 1971 2075 2023 et
2114 1985 2232 2024 sus-

434 2067 612 2138 cipere
653 2070 710 2122 et
749 2082 908 2137 posse
947 2061 1217 2120 sustinere
1256 2079 1448 2135 neque,
1479 2067 1546 2119 ιιι
1586 2063 1669 2119 ita
1708 2062 1892 2133 facias,
1924 2064 2231 2135 rogandum

434 2180 567 2220 esse.
655 2162 706 2220 3.
755 2161 914 2230 Quod
941 2179 1030 2218 me
1056 2165 1214 2218 vetas
1242 2159 1545 2233 quidquam
1572 2160 1837 2232 suspicari
1872 2161 2130 2220 accidisse
2156 2164 2232 2220 ad

435 2260 682 2316 animum
720 2263 880 2315 tuum
930 2257 1076 2330 quod
1117 2275 1272 2314 secus
1299 2276 1334 2314 a
1360 2275 1449 2314 me
1477 2276 1605 2329 erga
1640 2263 1698 2314 te
1738 2259 2089 2315 commissum
2128 2266 2231 2318 aut

436 2356 881 2430 praetermissum
909 2354 1204 2425 videretur,
1236 2373 1422 2428 geram
1463 2355 1569 2412 tibi
1609 2373 1814 2412 morem
1858 2360 1916 2413 et
1956 2356 2232 2415 liberabor

435 2455 546 2511 ista
592 2471 736 2526 cura,
785 2453 892 2509 tibi
939 2457 1126 2508 tamen
1175 2469 1240 2508 eo
1282 2453 1408 2525 plus
1456 2452 1679 2525 debeb0,
1732 2471 1841 2525 quo
1888 2457 1988 2510 tua
2034 2455 2091 2510 in
2139 2474 2231 2515 me

436 2551 754 2609 humanitas
780 2550 950 2608 fuerit
979 2550 1241 2607 excelsior
1267 2568 1433 2622 quam
1472 2552 1533 2608 in
1573 2555 1631 2608 te
1658 2568 1795 2609 mea.
1881 2550 2063 2608 Velim
2094 2553 2230 2625 quid

437 2649 640 2721 videas,
665 2648 803 2720 quid
831 2647 1135 2720 intellegas,
1161 2647 1299 2720 quid
1318 2651 1516 2720 agatur
1540 2647 1613 2704 ad
1634 2665 1721 2704 me
1742 2648 1961 2720 scribas,
1994 2653 2229 2722 tuosque

437 2765 625 2806 omnes
673 2746 744 2803 ad
799 2751 1044 2803 nostram
1092 2744 1330 2802 salutem
1377 2744 1681 2802 adhortere.
1769 2745 2005 2818 Rogatio
2060 2747 2229 2806 Sestii

435 2839 612 2918 neque
667 2843 959 2917 dignitatis
1013 2842 1150 2899 satis
1203 2842 1375 2900 habet
1428 2860 1527 2900 nec
1581 2843 1863 2902 cautionis.
1966 2843 2116 2902 Nam
2170 2853 2230 2905 et

437 2943 765 3001 nominatim
813 2940 944 2998 ferri
993 2943 1210 3013 oportet
1259 2943 1317 2996 et
1364 2938 1432 2996 de
1479 2939 1637 2996 bonis
1685 2939 2003 3012 diligentius
2043 2943 2225 3016 scribi,

435 3045 495 3097 et
547 3040 606 3096 id
661 3037 1067 3096 animadvertas
1122 3035 1306 3094 velim.
1419 3037 1572 3094 Data
1625 3053 1741 3094 1111.
1795 3037 1940 3094 Non.
2001 3039 2225 3096 Octobr.

436 3136 864 3194 Thessalonicae.
