2434 3734
419 256 485 306 22
1008 253 1129 302 xil.
1168 241 1351 322 (EAM.
1391 253 1510 304 v11.
1551 241 1640 322 26)
2264 282 2285 360 ἶ

519 483 656 540 XII.
704 484 802 541 TO
844 483 925 543 M.
960 484 1255 543 FADIUS
1298 483 1607 544 GALLUS
1652 486 1831 558 (ΒΑΜ.
1866 503 1974 544 vn.
2011 483 2114 563 26)

527 654 988 715 TUSCULANUM,
1029 655 1208 704 A.U.G.
1255 653 1370 714 6973
1414 655 1531 704 B.c.
1574 653 1659 715 57;
1703 657 1843 706 ΑΕΤ.
1886 657 2005 706 ΟΙΟ.
2049 657 2110 704 49

519 808 585 857 Μ.
611 808 775 855 Cicero
791 812 954 856 narrat
971 809 1111 856 Gallo
1127 808 1300 856 herbas
1322 773 1374 854 in
1391 809 1609 868 augurali
1632 824 1747 856 cena
1764 811 1976 858 suaviter
1992 811 2214 858 conditas
2427 871 2428 880 ἵ

421 889 470 932 et
493 901 522 932 a
545 901 596 934 se
617 887 806 934 avidius
829 901 1038 935 comesas
1061 887 1156 934 sibi
1177 889 1397 935 morbum
1420 889 1655 939 attulisse.
2287 894 2331 1076 X

1009 1044 1224 1086 CICERO
1253 1044 1297 1086 S.
1330 1043 1384 1087 D.
1420 1044 1615 1086 GALLO

506 1186 555 1244 1.
604 1185 746 1243 eum
800 1185 1075 1242 decimum
1129 1185 1242 1241 iam
1296 1184 1441 1241 diem
1496 1186 1742 1257 graviter
1798 1203 1868 1242 ex
1933 1187 2217 1245 intestinis

419 1284 724 1342 laborarem
777 1301 954 1357 neque
1006 1283 1091 1353 iis,
1140 1283 1237 1354 qui
1290 1300 1415 1340 mea
1462 1301 1625 1355 opera
1669 1283 1757 1340 uti
1802 1283 2079 1356 volebant,
2127 1303 2217 1342 me

421 1383 708 1455 probarem
749 1399 860 1438 non
899 1379 1098 1452 valere,
1129 1379 1263 1453 quia
1302 1378 1501 1437 febrim
1541 1399 1652 1437 non
1691 1380 1966 1454 haberem,
1998 1382 2118 1454 fugi
2156 1383 2216 1439 in

421 1479 808 1551 Tusculanum,
831 1497 956 1536 cum
977 1469 1202 1552 quidem
1218 1477 1453 1535 biduum
1469 1478 1552 1535 ita
1566 1479 1783 1536 ieiunus
1800 1479 2042 1552 fuissem,
2063 1485 2130 1538 ut
2145 1500 2215 1539 ne

421 1596 624 1651 aquam
668 1577 891 1650 quidem
923 1582 1221 1650 gustarem.
1310 1575 1510 1648 Itaque
1546 1577 1827 1634 confectus
1859 1575 2120 1651 languore
2157 1584 2217 1636 et

421 1676 566 1734 fame
606 1675 784 1748 magis
823 1679 986 1732 tuum
1027 1674 1266 1731 officium
1306 1672 1630 1746 desideravi,
1662 1693 1830 1748 quam
1870 1693 1905 1732 a
1932 1683 1987 1732 te
2012 1677 2217 1748 requiri

421 1775 618 1848 putavi
643 1791 843 1830 meum.
930 1771 1050 1844 Ego
1077 1776 1265 1829 autem
1286 1773 1412 1828 cum
1441 1789 1629 1829 omnes
1657 1773 1874 1830 morbos
1902 1772 2212 1846 reformid0,

421 1877 560 1945 tum,
600 1873 659 1928 in
695 1889 805 1944 quo
839 1870 1140 1943 Epicurum
1177 1876 1339 1927 tuum
1380 1870 1552 1927 Stoici
1592 1869 1735 1926 male
1761 1871 2053 1944 accipiunt,
2084 1873 2219 1944 quia

421 1971 571 2028 dicat
587 1963 1022 2045 στραγγουρικὰ
1041 1965 1137 2024 καὶ
1154 1965 1520 2043 δυσεντερικὰ
1534 1964 1693 2042 πάθη
1710 1968 1817 2024 sibi
1833 1967 2065 2026 molesta
2080 1986 2213 2043 esse,
2324 2019 2328 2022 .

421 2086 656 2142 quorum
682 2067 918 2124 alterum
950 2066 1206 2124 morbum
1239 2067 1529 2125 edacitatis
1571 2084 1687 2124 esse
1727 2070 1946 2140 putant,
1976 2066 2217 2124 alterum

423 2167 592 2224 etiam
639 2165 902 2238 turpioris
955 2165 1428 2237 intemperantiae.
1512 2163 1655 2222 Sane
1699 2160 2059 2238 δυσεντερίαν
2098 2177 2217 2237 per-

423 2265 732 2322 timueram.
819 2262 931 2320 Sed
955 2262 1078 2319 visa
1105 2267 1190 2320 est
1232 2263 1371 2320 mihi
1397 2263 1489 2322 vel
1513 2262 1621 2320 loci
1661 2263 1900 2320 mutatio
1927 2262 2017 2321 vel
2044 2263 2218 2320 animi

425 2361 592 2418 etiam
631 2359 897 2418 relaxatio
937 2359 1028 2416 vel
1063 2360 1185 2433 ipsa
1232 2361 1467 2419 fortasse
1506 2343 1619 2417 iam
1667 2361 1997 2418 senescentis
2038 2360 2218 2418 morbi

425 2458 672 2516 remissio
713 2456 998 2530 profuisse.
1086 2458 1137 2517 2.
1183 2457 1268 2515 Ac
1315 2462 1519 2530 tamen,
1570 2474 1639 2514 ne
1688 2457 1883 2514 mirere
1922 2456 2069 2514 unde
2113 2457 2219 2514 hoc

425 2555 681 2613 acciderit
721 2572 831 2626 quo
869 2554 1102 2612 modove
1143 2555 1523 2627 commiserim,
1555 2554 1647 2612 lex
1686 2555 2043 2627 sumptuaria,
2077 2573 2218 2627 quae

423 2654 647 2711 videtur
669 2649 948 2726 λιτότητα
967 2651 1239 2725 attulisse,
1266 2671 1331 2710 ea
1348 2653 1488 2710 mihi
1514 2652 1696 2709 fraudi
1716 2651 1841 2710 fuit.
1910 2652 2061 2709 Nam
2082 2652 2217 2709 dum

424 2750 622 2809 volunt
663 2750 760 2807 isti
799 2749 941 2806 lauti
978 2754 1126 2807 terra
1152 2754 1301 2822 nata,
1335 2768 1475 2822 quae
1514 2749 1635 2822 lege
1682 2753 1911 2821 excepta
1957 2753 2105 2820 sunt,
2156 2749 2219 2806 in

424 2849 686 2906 honorem
733 2847 1016 2918 adducere,
1060 2847 1276 2920 fungos,
1325 2846 1605 2919 helvellas,
1657 2847 1855 2904 herbas
1899 2864 2087 2903 omnes
2132 2844 2221 2904 ita

427 2944 706 3017 condiunt,
738 2950 805 3002 ut
844 2945 986 3001 nihil
1011 2945 1188 3017 possit
1216 2961 1334 3002 esse
1361 2945 1600 3002 suavius.
1688 2943 1758 3001 In
1786 2961 1879 3000 eas
1919 2961 2045 3000 cum
2086 2942 2219 3000 inci·
2304 2982 2311 2988 -

427 3040 628 3098 dissem
645 3043 705 3098 in
722 3060 855 3100 cena
880 3041 1129 3114 augurali
1158 3042 1308 3115 apud
1336 3043 1653 3114 Lentulum,
1675 3046 1835 3098 tanta
1855 3057 1943 3098 me
1959 3037 2219 3114 διάρροια

430 3138 684 3210 adripuit,
704 3143 770 3194 ut
788 3138 950 3196 hodie
967 3139 1206 3211 primum
1223 3139 1479 3196 videatur
1498 3140 1737 3212 coepisse
1758 3137 2067 3195 consistere.
2122 3137 2220 3194 Ita

429 3252 544 3307 ege,
567 3234 661 3307 qui
688 3253 776 3292 me
804 3236 998 3292 ostreis
1019 3241 1077 3293 et
1105 3238 1381 3294 muraenis
1397 3236 1557 3294 facile
1572 3234 1934 3304 abstinebam,
1956 3253 1990 3290 a
2006 3234 2139 3291 beta
2159 3239 2219 3291 et
