2434 3734
433 238 494 286 50
1018 236 1207 286 XX1X.
1238 226 1416 309 <Arm
1457 238 1515 287 v.
1557 230 1642 305 12)

431 391 668 447 maxime
723 391 792 448 de
847 407 950 448 XX.
1005 395 1063 446 et
1111 406 1295 460 Doce„
1346 408 1475 447 cura
1521 396 1588 448 ut
1640 393 1889 450 sciamus.
1976 393 2047 449 Id
2092 393 2218 450 unis

431 488 723 560 diligenter
766 488 970 544 litteris
1007 488 1169 560 datis,
1203 505 1345 560 quae
1382 488 1453 545 ad
1495 507 1582 546 me
1618 491 1811 562 utique
1854 489 2213 563 perferantur,

431 603 768 658 consequere.
859 584 1009 642 Illud
1050 586 1581 658 tamen—quoniam
1623 605 1768 644 nunc
1808 587 1954 656 abes,
1992 606 2117 644 cum
2160 589 2218 645 id

429 701 539 740 non
569 685 766 755 agitur,
799 682 977 740 aderis
1005 688 1194 741 autem
1223 682 1295 740 ad
1322 688 1557 756 tempus,
1590 689 1655 740 ut
1683 684 1821 741 mihi
1861 686 2219 758 rescripsti—

429 787 705 838 memento
749 799 935 838 curare
973 798 1069 854 per
1102 787 1160 838 te
1201 785 1261 838 et
1301 799 1397 854 per
1437 800 1625 839 omnes
1666 787 1897 854 nostros,
1927 783 1987 838 in
2027 784 2219 856 primis

428 896 525 950 per
567 879 947 948 Hortensium,
983 883 1050 934 ut
1091 895 1268 935 annus
1308 884 1495 936 noster
1535 884 1758 936 maneat
1797 898 1897 937 suo
1938 885 2109 953 statu,
2149 899 2220 938 ne

429 977 562 1048 quid
604 977 735 1032 novi
762 976 1100 1034 decernatur.
1188 977 1313 1034 Hoc
1342 977 1450 1033 tibi
1490 977 1573 1034 ita
1613 977 1829 1048 mand0‚
1861 983 1927 1035 ut
1968 978 2218 1035 dubitem

429 1092 500 1130 an
541 1075 710 1131 etiam
739 1079 796 1130 te
825 1092 1027 1147 rogem,
1059 1080 1124 1131 ut
1163 1092 1375 1147 pugnes
1402 1092 1472 1131 ne
1513 1075 1883 1133 intercaletur.
1972 1076 2080 1133 Sed
2109 1093 2219 1132 non

429 1172 602 1228 audeo
664 1172 770 1228 tibi
837 1173 1022 1228 omnia
1088 1190 1255 1229 onera
1321 1173 1614 1245 imponere.
1700 1173 1927 1230 Annum
1996 1175 2218 1247 quidem

429 1269 622 1341 utique
650 1274 850 1328 teneto,
942 1270 992 1326 3.
1040 1269 1230 1326 Cicero
1257 1288 1428 1342 meus,
1461 1271 1899 1328 modestissimus
1927 1277 1985 1329 et
2011 1273 2219 1329 suavis-

428 1368 600 1424 simus
667 1385 816 1438 puer,
884 1367 990 1424 tibi
1057 1368 1295 1425 salutem
1363 1368 1515 1427 dicit.
1607 1370 1938 1443 Dionysium
2006 1388 2220 1442 semper

429 1464 698 1537 equidem,
749 1469 816 1520 ut
870 1465 992 1537 scis,
1039 1465 1243 1523 dilexi:
1313 1466 1410 1523 sed
1471 1466 1671 1523 cotidie
1731 1467 1904 1539 pluris
1958 1467 2113 1538 facin,
2160 1472 2219 1524 et

429 1560 733 1618 mehercule
774 1563 833 1618 in
876 1563 1082 1634 primis,
1121 1563 1271 1635 quod
1314 1567 1373 1620 te
1417 1570 1569 1622 amat
1613 1583 1713 1622 nec
1755 1565 1841 1621 tui
1883 1566 2217 1622 mentionem

431 1659 730 1716 intermitti
757 1660 906 1718 sinit.

542 1923 760 1980 XXIX.
807 1922 904 1980 ΤΟ
946 1922 1295 1995 ATTIGUS,
1342 1939 1413 1979 IN
1456 1923 1635 1980 Rom:
1678 1919 1845 1998 (Ar'r.
1890 1939 1948 1981 v,
1999 1920 2097 2000 12)

575 2099 696 2146 OFF
732 2099 944 2156 DELOS,
979 2099 1164 2148 A.U.c.
1205 2096 1336 2158 7033
1382 2099 1497 2148 Rc.
1534 2099 1631 2159 513
1675 2100 1815 2148 AE'r.
1852 2101 1969 2149 010.
2005 2101 2066 2150 55

513 2240 580 2288 M.
609 2241 772 2287 Cicero
805 2240 971 2286 Attico
1003 2241 1198 2300 exponit
1233 2239 1293 2286 de
1313 2240 1545 2287 molestiis
1568 2254 1733 2288 cursus
1766 2242 1995 2288 maritimi
2016 2242 2221 2290 Athenis

431 2317 605 2364 Delum
639 2317 856 2375 confecti,
882 2317 942 2363 de
975 2317 1200 2364 Messalla
1224 2318 1283 2364 de
1315 2317 1501 2364 ambitu
1534 2332 1629 2376 reo,
1655 2319 1715 2365 de
1748 2321 2034 2378 exspectatis
2067 2321 2221 2367 Attici

430 2395 621 2452 litteris,
649 2395 708 2441 de
729 2394 870 2441 rebus
892 2395 1103 2452 urbanis,
1130 2395 1190 2442 de
1209 2396 1412 2454 negotiis
1436 2396 1534 2442 suis
1558 2396 1798 2442 Romanis.

536 2535 586 2594 1.
632 2535 936 2608 Negotium
976 2553 1239 2608 magnum
1283 2541 1369 2592 est
1413 2536 1673 2609 navigare
1717 2540 1885 2608 atque
1928 2537 1987 2594 id
2034 2556 2219 2597 mense

432 2633 714 2703 Quinctili.
803 2633 973 2690 Sexto
1014 2633 1103 2690 die
1148 2633 1355 2689 Delum
1396 2633 1635 2690 Athenis
1681 2635 1948 2692 venimus.
2035 2635 2220 2694 Pridie

433 2732 624 2788 Nonas
653 2730 912 2800 Quinctil.
953 2749 988 2786 a
1016 2730 1241 2787 Piraeeo
1270 2731 1342 2794 ad
1369 2731 1613 2803 Zostera,
1644 2736 1812 2788 vento
1845 2732 2092 2803 molest0,
2124 2735 2222 2805 qui

429 2847 530 2886 nos
583 2829 789 2886 ibidem
839 2815 1023 2884 'Nonis
1077 2828 1277 2886 tenuit.
1363 2828 1430 2884 A.
1492 2829 1544 2886 d.
1603 2845 1736 2886 vm.
1796 2829 1933 2886 Idus
1987 2831 2060 2886 ad
2108 2831 2222 2889 Ceo

430 2926 680 2983 iucunde.
768 2925 907 2982 Inde
951 2924 1199 2998 Gyarum
1228 2943 1391 2982 saevo
1418 2930 1602 2996 vent0‚
1635 2945 1744 2983 non
1786 2927 2049 2985 adverso:
2093 2927 2223 2986 hinc

432 3023 648 3097 Syrum,
673 3023 802 3080 inde
829 3023 1050 3094 Delum,
1076 3027 1311 3095 utroque
1334 3023 1497 3080 citius
1525 3041 1693 3095 quam
1713 3023 1980 3081 vellemus
2000 3043 2221 3082 cursum

431 3121 773 3177 confecimus.
857 3121 978 3178 Iam
1007 3122 1154 3178 nosti
1181 3120 1447 3194 aphracta
1487 3119 1865 3179 Rhodiorum:
1906 3121 2046 3178 nihil
2074 3123 2223 3194 quod
2326 3165 2330 3171 -

431 3219 612 3276 minus
652 3219 882 3275 fluctum
911 3219 1052 3275 ferre
1093 3219 1283 3293 possit.
1371 3220 1568 3295 Itaque
1598 3224 1715 3278 erat
1756 3219 1814 3279 in
1853 3220 2037 3280 animo
2080 3220 2221 3280 nihil
