2434 3734
777 236 918 286 XVI.
957 225 1142 305 (ΕΔΜ.
1184 236 1303 287 v11.
1342 225 1459 307 23).
1933 241 1989 290 31

222 423 294 432 —
310 391 392 447 At
439 389 744 462 pulchellae
797 394 1038 446 sunt.—
1057 389 1208 446 Novi
1264 390 1471 462 optime
1524 397 1581 449 et
1636 409 1797 465 saepe
1859 392 1995 449 vidi.

214 489 269 546 N
272 489 558 545 ominatim
597 488 704 545 tibi
744 489 902 559 signa
941 487 1080 544 mihi
1121 493 1256 544 nota
1294 488 1659 560 mandassem,
1691 491 1741 546 si
1780 490 1996 563 probas-

212 604 341 643 sem.
429 585 513 642 Ea
553 585 700 643 enim
742 585 900 658 signa
941 603 1040 657 ego
1083 603 1261 642 emere
1302 585 1465 658 solen,
1510 604 1650 659 quae
1690 587 1763 644 ad
1804 587 1995 645 simili·

213 683 461 740 tudinem
488 682 898 756 gymnasiorum
927 687 1192 739 exornent
1229 682 1367 739 mihi
1406 683 1465 739 in
1492 682 1769 755 palaestra
1795 683 1992 742 locum.

212 780 414 838 Martis
454 798 583 837 vero
623 780 842 853 signum
884 797 993 852 quo
1034 779 1172 836 mihi
1212 781 1364 852 pacis
1411 781 1621 837 auctori
1648 781 1669 838 Ἰ
1769 781 1997 839 Gaudeo

210 878 426 935 nullum
475 877 701 935 Saturni
750 878 970 950 signum
1018 877 1189 934 fuisse
1223 899 1235 936 ε
1290 877 1425 935 haec
1473 879 1621 936 enim
1676 878 1785 936 duo
1840 880 1997 952 signa

210 981 462 1048 putarem
503 974 642 1031 mihi
682 992 775 1032 aes
815 974 1057 1031 alienum
1099 975 1373 1033 attulisse.
1475 975 1735 1032 Mercurii
1774 975 1993 1034 mallem

210 1073 434 1146 aliquod
473 1072 704 1131 fuisset:
754 1072 985 1144 felicius,
1032 1077 1183 1145 pute,
1237 1090 1363 1129 cum
1410 1073 1649 1129 Avianio
1696 1073 1997 1146 transigere

210 1187 505 1242 possemne.
595 1169 648 1228 3.
695 1168 855 1238 Quod
892 1169 999 1226 tibi
1027 1168 1333 1225 destinaras
1362 1168 1832 1242 trapezophorum,
1862 1169 1911 1226 si
1940 1175 1997 1226 te

211 1266 465 1338 delectat,
512 1265 740 1324 habebis
772 1289 785 1325 ε
841 1267 928 1323 sin
970 1271 1159 1323 autem
1201 1267 1535 1324 sententiam
1589 1268 1837 1338 mutasti,
1896 1285 1997 1339 ego

210 1361 423 1420 habebo
477 1362 796 1420 scilicet.—
815 1362 938 1419 Ista
991 1362 1214 1436 quidem
1270 1381 1488 1420 summa
1542 1381 1611 1420 ne
1666 1381 1766 1436 ego
1819 1364 1997 1420 multo

209 1460 475 1516 libentius
529 1460 754 1516 emerim
821 1459 1190 1516 deversorium
1256 1460 1597 1532 Tarracinae,
1654 1478 1723 1518 ne
1786 1478 1998 1534 semper

211 1556 417 1629 hospiti
465 1556 730 1613 molestus
779 1557 902 1614 sim.
991 1556 1231 1613 Omnino
1277 1557 1468 1614 liberti
1516 1557 1625 1614 mei
1672 1557 1832 1615 video
1880 1576 1996 1616 esse

211 1654 444 1726 culpam,
478 1655 565 1711 cui
606 1653 772 1727 plane
813 1672 898 1710 res
941 1659 1118 1711 certas
1159 1654 1498 1724 mandaram,
1541 1656 1787 1728 itemque
1828 1655 1993 1728 Iunii,

209 1768 374 1823 quem
419 1755 556 1822 puto
598 1749 704 1808 tibi
753 1757 947 1807 notum
996 1769 1127 1824 esse,
1173 1751 1401 1808 Avianii
1443 1751 1787 1811 familiarem.
1890 1752 1997 1810 Ex·

209 1847 400 1904 hedria
441 1847 710 1919 quaedam
752 1847 890 1904 mihi
933 1866 1075 1904 nova
1123 1853 1257 1905 sunt
1306 1849 1570 1905 instituta
1615 1850 1673 1905 in
1728 1850 1997 1921 porticula

209 1942 522 2000 Tusculani.
611 1942 695 1999 Ea
732 1943 984 2001 volebam
1014 1945 1237 2002 tabellis
1267 1963 1492 2003 ornare:
1536 1947 1756 2016 etenim,
1788 1947 1836 2002 si
1865 1948 1997 2020 quid

206 2041 423 2111 generis
464 2041 626 2097 istius
667 2042 817 2098 modi
857 2060 945 2099 me
987 2040 1243 2113 delectat,
1288 2044 1507 2115 pictura
1547 2042 1801 2100 delectat.
1890 2043 1996 2100 Sed

207 2141 413 2208 tamen,
461 2137 508 2193 si
548 2138 660 2193 ista
699 2138 837 2194 mihi
885 2143 1018 2195 sunt
1057 2138 1329 2209 habenda,
1372 2141 1657 2197 certiorem
1700 2139 1867 2196 velim
1910 2158 1997 2198 me

207 2234 379 2289 facias
407 2233 504 2290 ubi
532 2233 665 2302 sint,
693 2234 913 2306 quando
942 2240 1303 2307 arcessantur‚
1347 2253 1457 2309 quo
1493 2254 1691 2308 genere
1717 2241 1991 2294 vecturae.

208 2329 271 2387 Si
298 2329 447 2385 enim
484 2329 857 2402 Damasippus
894 2331 953 2386 in
991 2333 1271 2388 sententia
1307 2350 1417 2388 non
1455 2331 1720 2403 manebit,
1754 2332 1995 2405 aliquem

207 2425 811 2499 Pseudodamasippum
833 2427 921 2484 vel
943 2446 1068 2485 cum
1089 2429 1302 2484 iactura
1320 2430 1666 2501 reperiemus.
1752 2429 1804 2487 4.
1838 2429 1997 2498 Quod

205 2523 280 2579 ad
327 2540 417 2579 me
458 2522 527 2579 de
567 2522 727 2580 domo
768 2524 960 2580 scribis
1000 2525 1217 2597 iterum,
1263 2533 1376 2582 iam
1416 2526 1473 2583 id
1514 2543 1615 2598 ego
1653 2527 1996 2598 proficiscens

205 2618 530 2676 mandaram
571 2637 725 2676 meae
765 2619 1012 2678 Tulliae:
1055 2639 1121 2678 ea
1160 2623 1309 2678 enim
1350 2622 1470 2694 ipsa
1509 2622 1644 2679 hora
1683 2641 1995 2695 acceperam

206 2721 334 2773 tuas
381 2715 612 2773 litteras.
700 2716 934 2788 Egeram
983 2719 1153 2774 etiam
1201 2736 1327 2776 cum
1376 2725 1475 2776 tuo
1522 2720 1703 2791 Nicia,
1754 2721 1902 2792 quod
1947 2723 1997 2778 is

203 2813 404 2884 utitur,
437 2817 503 2868 ut
531 2813 651 2884 scis,
679 2813 1027 2870 familiariter
1055 2814 1266 2872 Crasso.
1350 2815 1437 2872 Ut
1463 2816 1601 2872 redii
1628 2821 1814 2875 autem
1842 2820 1997 2891 prius

202 2928 374 2981 quam
418 2914 543 2966 tuas
583 2909 692 2982 legi
731 2905 834 2967 has
875 2913 1152 2982 proximas
1190 2913 1424 2984 litteras,
1463 2913 1726 2986 quaesivi,
1764 2914 1831 2970 de
1872 2933 1996 2972 mea

202 3007 393 3063 Tullia
420 3006 554 3078 quid
581 3007 797 3078 egisset.
885 3008 992 3066 Per
1021 3009 1293 3066 Liciniam
1330 3028 1389 3066 se
1424 3010 1597 3082 egisse
1625 3010 1845 3068 dicebat
1874 3009 1995 3089 (sed

203 3105 400 3176 opinor
431 3103 691 3160 Crassum
734 3105 820 3160 uti
859 3123 970 3161 non
1011 3106 1092 3162 ita
1133 3105 1375 3162 multum
1416 3101 1640 3183 sorore),
1672 3125 1792 3164 eam
1835 3126 1993 3180 porro

201 3218 406 3275 negare
434 3218 494 3258 se
521 3200 720 3258 audere
750 3219 874 3258 cum
903 3203 991 3259 vir
1018 3203 1403 3262 abesset—est
1439 3205 1585 3261 enim
1621 3205 1899 3280 profectus
1935 3207 1991 3265 in
