2434 3734
807 232 992 311 xiix.
1031 250 1213 326 (ΒΑΜ.
1255 219 2032 419 Imm?

251 418 469 470 mutata
494 431 580 471 res
608 418 708 471 est.
796 414 1047 493 Hirtium
1074 432 1174 487 ego
1201 419 1260 472 et
1296 414 1645 472 Dolabellam
1674 414 1891 503 dicendi
1931 413 2038 471 dis·
2063 404 2434 477 M

251 509 460 584 cipulos
487 510 676 583 habe0‚
711 511 941 568 cenandi
968 512 1276 584 magistros.
1366 512 1512 569 Puto
1540 513 1689 569 enim
1715 516 1773 569 te
1799 512 2032 584 audisse,

250 609 301 667 si
325 610 469 667 forte
495 609 568 666 ad
595 627 694 667 vos
721 610 906 667 omnia
933 610 1299 683 perferuntur,
1334 609 1458 667 illos
1490 610 1638 682 apud
1665 628 1754 667 me
1782 609 2038 667 declami-

67 758 110 771 -,
137 775 170 791 ἱ,
253 710 385 777 tare,
433 724 523 763 me
577 706 724 779 apud
779 707 902 764 illos
958 708 1211 766 cenitare.
1316 707 1402 764 Tu
1456 712 1645 765 autem
1698 708 1847 781 quod
1901 707 2037 764 mihi

254 802 453 860 bonam
480 804 692 877 copiam
721 804 896 861 eiures
923 804 1064 861 nihil
1092 809 1210 862 est:
1256 808 1379 861 tum
1406 804 1569 877 enim,
1594 822 1719 861 cum
1738 822 1857 862 rem
1876 804 2039 862 habe-

253 900 368 974 bas,
476 919 540 958 ae
601 901 758 958 ’culis
785 907 842 959 te
870 902 1110 959 faciebat
1139 902 1531 959 attentiorem:
1575 920 1612 958 n
1690 920 1719 959 c
1768 920 1903 994 cuffi,

85 906 656 1133 ffaemqfiffl
665 999 811 1056 bona
835 998 1048 1071 perdas,
1073 1016 1146 1055 no
1213 1003 1301 1056 est
1364 998 1475 1056 uod
1586 1017 1663 1057 sis
1752 1000 1929 1071 nsilio,
1994 1005 2035 1071 t,
2382 1028 2411 1049 ,-

252 1113 378 1153 cum
405 1113 495 1154 me
520 1095 762 1169 hospitio
788 1096 1036 1169 recipias,
1258 1113 1294 1152 a
1322 1112 1503 1154 ionem
1530 1100 1588 1153 te
1616 1094 1859 1169 aliquam
1881 1104 2041 1169 putes

249 1194 520 1267 accipere:
549 1176 720 1251 etiam
735 1193 870 1251 haec
889 1193 1064 1250 levior
1084 1196 1171 1250 est
1190 1192 1356 1266 plaga
1374 1192 1447 1250 ab
1464 1193 1639 1251 amico
1660 1210 1828 1266 quam
1842 1210 1879 1251 a
1893 1192 2041 1250 debi-

252 1296 381 1349 tore.
447 1291 500 1350 8.
534 1291 656 1348 Nec
683 1295 870 1347 tamen
892 1308 985 1347 eas
1012 1307 1175 1347 cenas
1202 1306 1420 1363 quaero,
1440 1294 1507 1347 ut
1526 1307 1759 1362 magnae
1778 1289 2041 1363 reliquiae

251 1389 418 1447 fiant:
447 1388 596 1462 quod
613 1390 734 1460 erit,
754 1388 1110 1499 “fflissaewm
1131 1389 1207 1481 sit
1223 1392 1283 1445 et
1297 1388 1530 1446 lautum.
1578 1386 1812 1445 Memini
1828 1391 1886 1444 te
1902 1387 2040 1444 mihi

253 1485 530 1545 Phameae
571 1504 765 1544 cenam
808 1503 1029 1543 narrare
1050 1472 1409 1559 :”'temperius
1452 1485 1570 1556 fiat,
1622 1489 1805 1542 cetera
1850 1484 2042 1541 eodem

23 1642 32 1649 ,
101 1582 429 1685 WdO.
516 1581 678 1652 Quod
729 1582 779 1639 si
820 1599 1136 1654 perseveras
1183 1599 1273 1640 me
1315 1581 1387 1638 ad
1434 1581 1631 1639 matris
1676 1586 1807 1639 tuae
1852 1599 2041 1639 cenam

0 1677 76 1721 A
249 1697 520 1752 &vocam
547 1679 722 1736 feram
762 1679 822 1750 id
863 1697 1094 1752 quoque.
1181 1678 1325 1735 Volo
1365 1680 1513 1737 enim
1551 1677 1739 1736 videre
1779 1679 2041 1749 animum,

253 1778 351 1851 qui
389 1776 528 1836 mihi
567 1775 772 1833 audeat
811 1777 936 1848 ista,
982 1794 1124 1849 quae
1163 1775 1374 1847 scribis,
1420 1792 1693 1849 apponere
1732 1781 1832 1833 aut
1873 1777 2043 1834 etiam

253 1874 517 1948 polypum
555 1874 775 1931 miniati
816 1873 968 1930 Iovis
1010 1872 1263 1931 similem.
1349 1872 1497 1930 Mihi
1538 1872 1709 1943 crede,
1740 1890 1852 1929 non
1879 1873 2042 1931 aude·

252 1972 358 2030 bis.
439 1971 592 2034 Ante
631 1988 817 2028 meum
865 1970 1169 2028 adventum
1211 1970 1364 2028 fama
1410 1970 1482 2026 ad
1522 1974 1581 2026 te
1628 1969 1697 2027 de
1738 1988 1862 2027 mea
1901 1988 2045 2028 nova

0 2012 481 2239 &lautitia
519 2069 742 2127 veniet:
798 2086 920 2125 eam
967 2068 1307 2125 extimesces.
1414 2066 1613 2140 Neque
1656 2072 1743 2124 est
1789 2067 1938 2141 quod
1984 2068 2043 2124 in
2095 2106 2113 2177 ἱ
2234 2116 2243 2146 Ι

19 2160 68 2267 d
253 2165 590 2241 promulside
649 2166 767 2237 spei
808 2183 998 2239 ponas
1063 2164 1292 2237 aliquid,
1357 2181 1524 2237 quam
1584 2168 1763 2223 totam
1822 2166 2039 2223 sustuli.

42 2268 67 2344 ζ)
256 2260 515 2319 Solebam
543 2258 692 2317 enim
719 2264 884 2316 antea
912 2258 1192 2315 debilitari
1220 2257 1543 2432 down
1648 2258 1660 2271 ⁸
1694 2258 1742 2315 is
1771 2258 1899 2318 tuis.
1987 2259 2040 2318 9.

255 2357 369 2417 Sed
408 2357 543 2430 quid
583 2356 718 2413 haec
757 2355 1072 2429 loquimur?
1110 2354 1278 2423 liceat
1318 2372 1409 2412 mo
1520 2354 1571 2411 is
1670 2356 1872 2422 venire.
1958 2355 2045 2413 Tu

254 2452 592 2514 vero—volo
619 2452 767 2511 enim
795 2451 1107 2525 abstergere
1134 2452 1309 2509 animi
1348 2452 1436 2509 tui
1475 2451 1861 2523 metum,--ad
1901 2456 2047 2527 tyro-

255 2548 529 2608 tarichum
559 2550 850 2622 antiquum
886 2550 1017 2607 redi.
1104 2549 1225 2621 Ego
1266 2548 1375 2606 tibi
1414 2566 1589 2606 unum
1628 2554 1913 2621 sumptum
1953 2549 2045 2606 ad·

255 2648 445 2717 feram,
477 2646 626 2720 quod
677 2645 940 2703 balneum
993 2645 1249 2703 calfacias
1297 2646 1612 2718 oportebit:
1668 2651 1850 2703 cetera
1895 2664 2045 2704 more
2274 2662 2361 2789 q)

255 2748 479 2801 nostro:
533 2743 816 2815 superiora
854 2742 952 2799 illa
991 2742 1243 2803 lusimus.
1334 2742 1428 2801 10.
1469 2742 1558 2801 De
1599 2743 1734 2799 villa
1775 2742 2047 2801 Seliciana
2258 2714 2283 2762 Ι

255 2846 315 2898 et
336 2840 542 2897 curasti
569 2838 865 2911 diligenter
885 2842 944 2895 et
970 2839 1242 2910 scripsisti
1267 2838 1614 2897 facetissime.
1687 2838 1887 2913 Itaque
1908 2846 2045 2913 puto
2239 2758 2313 2939 >o

257 2954 348 2995 me
401 2934 934 3009 praetermissurum.
1049 2933 1197 2992 Salis
1246 2934 1394 2991 enim
1436 2935 1574 2993 satis
1618 2939 1719 3006 est,
1768 2936 2045 3133 saffiro

258 3052 468 3107 parum.
570 3044 576 3049 '
