2434 3734
1066 236 1106 286 Ι.
1262 236 1331 284 M.
1372 235 1513 286 XIV.
1558 237 1585 284 4
2390 271 2402 277 -

393 239 457 287 14
956 236 1060 286 v11
1145 223 1259 304 (ΕΑ
1588 236 1612 305 )
1815 290 1962 360 W
1977 265 2215 347 m
2350 320 2393 364 R

393 394 552 466 plura
603 395 715 451 iam
769 394 1039 452 scribere:
1093 393 1329 466 impedit
1375 411 1602 450 maeror.
1690 392 1776 449 Tu
1824 391 1959 464 quid
2006 393 2183 464 egeris

393 492 607 550 nescio:
676 497 877 587 utrunb
920 490 1131 568 aliquid
1185 495 1377 548 teneas
1431 508 1519 561 an,
1566 489 1715 562 quod
1770 495 1975 559 metu0,
2016 489 2182 562 plane

392 589 468 646 sis
508 589 756 662 spoliata.
845 554 1218 661 fliffis‘oiiem,
1265 593 1331 645 ut
1370 587 1580 659 scribis,
1613 604 1771 660 spero
1810 586 1927 644 fore
1967 603 2184 658 semper

391 694 657 747 nostrum.
742 688 831 746 De
857 687 1070 745 familia
1095 688 1331 746 liberata
1356 688 1498 745 nihil
1539 693 1624 746 est
1664 687 1813 760 quod
1852 692 1912 744 te
1939 691 2175 744 moveat.
2248 723 2256 732 -

393 785 642 843 Primum
681 787 796 843 tuis
843 787 927 843 ita
971 787 1303 859 promissum
1344 790 1445 858 est,
1497 790 1558 843 te
1605 785 1880 842 facturam
1928 803 2063 855 esse,
2113 787 2181 840 ut

391 884 621 956 quisque
676 888 820 940 esset
887 883 1132 940 meritus.
1247 883 1351 940 Est
1412 887 1599 940 autem
1654 883 1714 941 in
1769 882 1945 940 officio
1999 880 2181 938 adhuc

391 981 676 1054 Orpheus:
745 986 1028 1054 praeterea
1081 999 1282 1054 magno
1336 998 1497 1053 opere
1565 999 1741 1040 nemo,
1856 981 2177 1039 Ceterorum

390 1097 671 1137 servorum
708 1097 773 1136 ea
812 1097 976 1136 causa
1015 1083 1116 1150 est,
1148 1083 1230 1150 ut,
1262 1079 1311 1135 si
1349 1096 1436 1162 res
1464 1097 1498 1136 a
1525 1080 1683 1137 nobis
1724 1081 1946 1150 abisset,
1991 1077 2182 1136 liberti

388 1179 564 1235 nostri
618 1182 816 1248 essent,
868 1177 918 1234 si
955 1166 1212 1234 ‘dbtinere
1259 1177 1606 1249 potuissent:
1662 1179 1748 1235 sin
1796 1177 1868 1234 ad
1914 1195 2014 1234 nos
2062 1195 2181 1249 per-

389 1275 608 1344 tineret,
645 1275 930 1346 servirent,
966 1278 1351 1346 praeterquam
1392 1274 1591 1348 oppido
1631 1276 1807 1348 pauci.
1894 1274 2006 1333 Sed
2044 1274 2180 1331 haec
2245 1329 2251 1334 .

388 1373 601 1430 minora
643 1377 789 1430 sunt.
880 1372 932 1431 5.
981 1372 1067 1428 Tu
1110 1373 1260 1445 quod
1302 1391 1391 1430 me
1434 1372 1508 1430 ho
1626 1374 1639 1386 ⁰
1774 1378 1801 1430 t
1878 1374 2028 1430 nimo
2072 1374 2176 1431 sim

389 1487 588 1543 magno
615 1474 673 1527 et
699 1487 851 1543 spem
881 1469 956 1526 ha
995 1487 1116 1526 eam
1143 1471 1525 1544 reciperandae
1543 1377 1775 1542 Ξελιιξέ,
1805 1470 1868 1527 id
1890 1431 2061 1528 zelim
2102 1472 2179 1528 sit

389 1568 506 1624 eius
560 1567 726 1638 modi,
778 1571 844 1624 ut
898 1537 1316 1640 recfflpcrare
1370 1568 1656 1642 possimus.
1772 1568 1953 1638 Nunc,
2012 1569 2179 1626 miser

205 1678 244 1688 ff
389 1663 608 1738 quando
636 1669 762 1721 tuas
795 1665 908 1721 iam
947 1664 1166 1722 litteras
1195 1665 1498 1738 accipiam‘t
1538 1666 1663 1738 quis
1690 1665 1762 1722 ad
1789 1681 1877 1722 me
1905 1665 2180 1737 perferet‘l

6 1700 526 1894 muas
573 1779 673 1835 ego
706 1767 1132 1850 Q
1179 1762 1477 1834 Brundisii,
1526 1762 1576 1818 si
1624 1767 1768 1820 esset
1821 1763 2197 1918 1101111111σέΣέ
2256 1813 2264 1856 ³
2397 1801 2406 1868 ἱ

31 1865 194 1937 ὐνκη
389 1865 603 1931 nautas,
629 1861 724 1933 qui
751 1865 1144 1934 tempestatem
1164 1862 1605 1936 praetermittere
1632 1860 1943 1919 noluerunt.
2017 1860 2106 1931 Qu
2426 1875 2428 1884 ¹

446 1957 660 2031 liquum
729 1964 828 2032 est,
902 1964 1156 2017 sustenta
1223 1965 1296 2031 te,
1361 1977 1485 2016 mea
1551 1959 1824 2029 Terentia,
1882 1963 1947 2015 ut
2000 1964 2174 2031 potes,

245 2029 293 2083 ἰ
389 2025 788 2116 honestissime.
863 2056 1156 2117 Viximus:
1191 2058 1512 2116 floruimus:
1553 2074 1664 2114 non
1684 2057 1887 2114 vitium
1906 2061 2175 2128 nostrum,

388 2153 486 2211 sed
527 2154 708 2211 virtus
755 2159 946 2211 nostra
992 2173 1031 2211 n
1065 2173 1097 2224 s
1141 2155 1375 2214 adflixit.
1463 2154 1761 2211 Peccatum
1808 2159 1894 2211 est
1940 2153 2175 2226 nullum,

390 2250 497 2306 nisi
537 2251 685 2323 quod
725 2269 835 2309 non
879 2270 990 2309 una
1006 2173 1274 2309 mm
1316 2270 1440 2308 cum
1482 2251 1818 2308 ornamentis
1873 2252 2175 2310 amisimus.

392 2347 502 2406 Sed
528 2349 576 2405 si
603 2347 706 2406 hoc
733 2349 843 2406 fuit
869 2349 1058 2406 liberis
1094 2350 1299 2406 nostris
1332 2348 1561 2421 gratius,
1605 2367 1706 2406 nos
1746 2350 1945 2420 vivere,
1978 2354 2175 2422 cetera,

389 2457 724 2516 quamquam
763 2445 988 2503 ferenda
1026 2464 1137 2503 non
1177 2450 1327 2518 sunt,
1362 2445 1616 2505 feramus.
1702 2446 1881 2519 Atqui
1922 2465 2037 2520 eg0,
2082 2449 2181 2520 qui

390 2547 447 2598 te
484 2542 758 2613 confir-mc,
791 2542 908 2615 ipse
949 2560 1038 2599 me
1079 2560 1189 2599 non
1230 2559 1468 2614 possum.
1558 2543 1610 2601 6.
1658 2541 1914 2600 Clodium
1957 2543 2181 2602 Philhe-

390 2644 621 2710 taerum,
647 2639 793 2712 quod
812 2639 1132 2698 valetudine
1155 2640 1434 2697 oculorum
1455 2640 1875 2714 impediebatur,
1901 2640 2180 2699 hominem

284 2773 289 2778 -
391 2735 624 2808 fidelem,
669 2737 868 2794 remisi.
958 2721 1259 2795 Sallustius
1307 2738 1481 2795 officio
1528 2738 1703 2795 vincit
1758 2755 1961 2796 omnes.
2049 2739 2179 2797 Pes-

391 2834 613 2890 cennius
655 2838 740 2890 est
779 2834 1175 2906 perbenevolus
1201 2835 1395 2894 nobis:
1439 2853 1602 2908 quem
1644 2853 1857 2909 semper
1896 2854 2051 2909 spero
2092 2839 2181 2894 tui

390 2928 506 2987 fore
561 2948 592 2986 ο
633 2936 958 2990 servantem.
1067 2932 1194 2990 Sica
1248 2932 1465 2990 dixerat
1518 2951 1576 2990 se
1630 2951 1846 2990 mecum
1901 2935 2029 3006 fore,
2082 2935 2181 2992 sed

147 2991 606 3148 wdi
637 3029 686 3085 ὀ
723 3029 985 3087 discessit.
1077 3029 1240 3102 Cura,
1273 3030 1421 3124 Μὰ
1460 3035 1633 3103 potes,
1666 3036 1731 3088 ut
1771 3031 1970 3104 valeas,
2002 3038 2061 3090 et
2102 3035 2181 3091 sic

15 3095 196 3148 ω·
392 3125 690 3197 existimes,
724 3144 813 3184 me
844 3127 1225 3185 vehementius
1270 3132 1370 3184 tua
1409 3129 1628 3185 miseria
1667 3147 1832 3201 quam
1874 3147 1998 3186 mea
2037 3149 2180 3188 com-

95 3167 181 3270 mi)
393 3223 616 3280 moveri.
702 3223 833 3281 Mea
872 3224 1143 3296 Terentia,
1185 3225 1453 3282 fidissima
1492 3231 1659 3299 atque
1688 3227 1897 3300 optima
1936 3247 2088 3300 uxor,
2120 3235 2178 3287 et
