2434 3734
392 247 455 298 ss
883 243 997 294 xx„
1035 232 1118 312 (Q.
1157 243 1257 292 ΕΒ.
1296 243 1365 293 11.
1405 247 1465 293 13
1502 229 1679 313 [15a])

485 470 616 530 XX.
663 470 759 528 TO
803 467 1174 538 QUINTUS,
1220 483 1304 523 ort
1348 483 1450 524 ms
1491 483 1634 523 WAY
1676 483 1748 522 ro
1792 465 2087 524 OAnssn’s

611 580 790 638 OAMP
831 595 901 636 m
945 578 1211 634 Binum
1257 575 1349 655 (Q.
1398 577 1500 634 FB.
1547 594 1611 634 11.
1662 577 1737 633 13
1783 575 1977 653 [15a])

615 751 809 809 ROME,
852 748 1040 796 A.U.0.
1083 745 1212 806 700;
1258 747 1371 794 Rc.
1415 748 1511 807 543
1555 748 1692 794 AET.
1735 747 1852 794 010.
1893 747 1957 794 52

454 895 524 942 M.
555 893 720 939 Cicero
743 890 955 938 Caesaris
988 890 1040 936 in
1073 903 1124 936 se
1155 903 1367 936 amorem
1398 891 1447 935 et
1479 888 1817 935 liberalitatem
1848 888 2016 935 laudat
2038 891 2183 948 atque

392 971 492 1018 eius
513 983 564 1016 se
586 968 991 1016 studiosissimum
1012 965 1299 1026 profitetur:
1336 966 1395 1012 de
1418 965 1629 1012 eiusdem
1651 965 1811 1012 favore
1833 965 1883 1010 in
1906 965 2183 1012 Trebatium

391 1052 439 1097 et
462 1047 682 1096 Curtium
703 1062 717 1093 z
751 1046 812 1092 de
831 1045 902 1091 rei
925 1044 1146 1104 publicae
1167 1046 1314 1090 statu.

475 1187 524 1244 1.
572 1187 640 1244 A.
673 1185 725 1242 d.
759 1199 874 1240 1111.
910 1182 1054 1240 Non.
1089 1182 1234 1252 Iun„
1267 1199 1376 1254 quo
1416 1182 1506 1239 die
1549 1181 1785 1239 Romam
1824 1183 1968 1255 veni,
2001 1185 2184 1256 accepi

389 1289 518 1342 tuas
558 1282 791 1354 litteras,
837 1281 996 1338 datas
1038 1279 1359 1337 Placentia:
1414 1279 1613 1337 deinde
1654 1280 1857 1337 alteras
1896 1281 2179 1353 postridie,

391 1382 551 1438 datas
606 1378 960 1436 Blandenone
1015 1395 1141 1434 eum
1191 1377 1443 1434 Caesaris
1497 1376 1717 1450 litteris,
1769 1378 1985 1435 refertis
2035 1380 2184 1436 omni

359 1465 362 1470 ’
392 1479 582 1550 offici0,
628 1476 933 1549 diligentia,
981 1475 1278 1533 suavitate.
1366 1474 1513 1532 Sunt
1561 1475 1672 1531 ista
1712 1475 1936 1547 quidem
1983 1492 2185 1548 magna

390 1575 482 1632 vel
535 1575 720 1647 potius
768 1572 1027 1630 maxima.
1136 1571 1369 1628 Habent
1426 1573 1573 1628 enim
1627 1572 1743 1628 vim
1797 1589 2057 1644 magnam
2112 1574 2183 1631 ad

391 1673 622 1746 gloriam
667 1676 726 1729 et
769 1671 840 1728 ad
887 1688 1160 1727 summam
1209 1670 1557 1742 dignitatem.
1663 1669 1771 1728 Sed
1820 1669 1959 1726 mihi
2007 1671 2181 1745 crede,

392 1788 558 1843 quem
596 1770 760 1842 nosti,
793 1768 940 1842 quod
981 1769 1040 1825 in
1080 1768 1206 1824 istis
1244 1767 1406 1825 rebus
1435 1785 1536 1840 ego
1576 1768 1803 1841 plurimi
1844 1769 2092 1841 aestim0,
2124 1770 2185 1826 id

391 1867 503 1923 iam
531 1865 706 1924 habeo
728 1886 741 1924 z
779 1870 837 1922 te
857 1864 1068 1922 scilicet
1093 1864 1336 1936 primum
1358 1869 1475 1921 tam
1496 1865 1887 1922 inservientem
1908 1869 2188 1924 communi

392 1963 691 2037 dignitati3
731 1963 929 2020 deinde
959 1961 1210 2020 Caesaris
1252 1966 1474 2019 tantum
1517 1963 1577 2019 in
1610 1953 1705 2020 me'
1726 1982 1984 2035 amorem,
2018 1983 2183 2038 quem

393 2061 648 2119 omnibus
695 2062 764 2118 iis
811 2060 1126 2132 honoribus,
1171 2077 1311 2132 quos
1358 2077 1448 2116 me
1496 2077 1531 2116 a
1576 2078 1636 2117 se
1680 2065 1996 2133 exspectare
2037 2062 2179 2135 vult,

392 2164 680 2231 antepono,
765 2158 1014 2215 Litterae
1035 2175 1165 2214 vero
1192 2157 1310 2214 eius
1331 2175 1443 2213 una
1463 2157 1628 2214 datae
1648 2175 1774 2215 cum
1795 2159 1924 2231 tuis,
1950 2176 2184 2232 quarum

392 2256 617 2312 initium
645 2260 745 2327 est,
777 2272 945 2327 quam
985 2255 1173 2310 suavis
1214 2254 1266 2310 ei
1311 2258 1443 2310 tuus
1484 2253 1759 2311 adventus
1802 2255 1974 2312 fuerit
2001 2261 2061 2313 et
2105 2276 2184 2315 re-

393 2351 637 2410 cordatio
663 2351 866 2408 veteris
907 2351 1124 2423 amoris,
1156 2350 1357 2408 deinde
1401 2369 1461 2408 se
1506 2350 1829 2408 effecturum
1872 2358 1937 2411 ut
1980 2371 2081 2426 ego
2124 2355 2183 2410 in

392 2450 575 2508 medio
622 2448 805 2506 dolore
853 2466 917 2505 ac
964 2448 1235 2506 desiderio
1282 2449 1369 2505 tui
1423 2453 1497 2521 te,
1552 2467 1677 2506 cum
1725 2467 1760 2506 a
1806 2467 1896 2506 me
1944 2449 2179 2524 abesses,

393 2546 742 2620 potissimum
769 2562 956 2603 secum
977 2563 1094 2602 esse
1121 2545 1371 2616 laetarer,
1404 2544 1799 2602 incredibiliter
1819 2545 2179 2608 delectarunt.

398 2645 449 2702 2.
484 2643 608 2713 Qua
633 2661 692 2700 re
720 2642 854 2700 facis
883 2647 949 2698 tu
976 2640 1199 2714 quidem
1228 2641 1483 2714 fraterne,
1510 2642 1658 2714 quod
1685 2660 1773 2698 me
1802 2641 2055 2714 hortaris,
2088 2644 2185 2700 sed

395 2739 703 2797 mehercule
729 2743 1038 2796 currentem
1065 2756 1212 2794 nunc
1241 2738 1479 2810 quidem,
1512 2744 1577 2795 ut
1619 2740 1803 2796 omnia
1835 2758 1959 2797 mea
1999 2742 2186 2799 studia

394 2840 454 2895 in
506 2840 677 2895 istum
731 2855 905 2894 unum
959 2835 1249 2893 conferam.
1338 2835 1457 2908 Ego
1510 2854 1641 2894 vero
1695 2837 1915 2894 ardenti
1961 2838 2185 2909 quidem

395 2934 596 3007 studi0,
641 2952 705 2992 ac
745 2933 978 2991 fortasse
1021 2933 1267 3004 efficiam,
1300 2931 1448 3005 quod
1489 2950 1649 3006 saepe
1690 2934 2013 3005 viatoribus,
2059 2953 2184 2992 cum

395 3036 706 3104 properant,
739 3031 940 3104 evenit,
971 3035 1055 3101 ut,
1085 3031 1135 3088 si
1175 3031 1351 3088 serius
1388 3049 1555 3104 quam
1582 3030 1861 3088 voluerint
1901 3030 2043 3088 forte
2070 3050 2186 3088 sur-

396 3130 653 3199 rexerint,
686 3129 1024 3201 properando
1061 3129 1233 3185 etiam
1270 3129 1452 3201 citius,
1486 3146 1654 3201 quam
1682 3129 1729 3185 si
1766 3129 1835 3186 de
1863 3135 2022 3186 nocte
2050 3131 2187 3203 vigi-

394 3228 619 3298 lassent,
663 3227 989 3299 perveniant
1025 3246 1134 3301 quo
1160 3227 1375 3286 velint:
1419 3228 1498 3284 sic
1526 3245 1641 3298 eg0,
1673 3228 1933 3298 quoniam
1974 3229 2031 3284 in
2074 3229 2185 3285 isto
