2434 3734
467 267 526 314 98
1053 264 1186 313 mx.
1227 253 1395 332 (ATT.
1434 264 1554 313 ΧΗ.
1594 251 1681 333 32)

270 480 274 487 '
409 474 492 693 ⁶37
753 496 906 553 LIX.
954 497 1051 555 ro
1093 496 1430 553 Armcus
1476 494 1645 573 (Am.
1691 512 1804 554 ΧΠ.
1853 494 1954 568 32)
2152 475 2161 483 '

95 468 399 879 §ssls
647 654 918 711 AS'PURA,
959 653 1149 701 A.U.c.
1193 650 1324 711 7093
1367 652 1483 701 B.C.
1528 653 1589 700 45
1613 668 1627 711 ;
1670 654 1810 699 AET.
1852 653 1969 701 010.
2012 654 2074 701 61

529 797 600 842 De
624 796 844 852 Publilia,
871 809 992 855 quae
1015 809 1125 842 cum
1147 797 1302 842 matre
1324 808 1411 841 sua
1427 794 1490 841 ad
1506 808 1557 843 se
1573 796 1733 841 venire
1750 796 1881 851 velit,
1904 795 2181 852 retinenda,
2208 796 2273 842 de

463 874 736 933 sumptibus
759 872 996 921 Ciceronis
1020 873 1095 918 sui
1117 872 1435 919 moderandis.

548 1014 596 1071 1.
644 1013 888 1070 Publilia
909 1013 981 1069 ad
1008 1030 1096 1069 me
1125 1012 1363 1085 scripsit,
1388 1017 1624 1069 matrem
1652 928 1980 1122 suam<cug
2010 1014 2271 1071 Publilio

463 1111 755 1179 videretur,
781 1076 873 1167 lad
914 1128 1003 1167 me
1046 1128 1172 1167 cum
1213 1110 1312 1167 illo
1352 1114 1645 1167 venturam
1688 1115 1745 1168 et
1786 1125 1845 1167 se
1892 1085 2019 1183 una]
2056 1112 2107 1167 si
2158 1128 2268 1183 ego

464 1214 713 1281 paterer:
757 1213 879 1264 orat
907 1208 1100 1264 multis
1129 1212 1188 1265 et
1215 1208 1558 1281 supplicibus
1586 1208 1785 1279 verbis,
1815 1212 1882 1264 ut
1909 1208 2076 1266 liceat
2104 1214 2168 1266 et
2196 1215 2267 1265 ut

463 1307 570 1363 sibi
595 1306 981 1428 rescribffia
1079 1324 1106 1362 s
1208 1384 1218 1392 .-
1340 1305 1573 1363 molesta
1612 1306 1689 1363 sit
1715 1305 1885 1362 vides.
1974 1306 2263 1379 Rescripsi

73 1458 82 1493 ἶ
463 1404 541 1459 mi
589 1404 758 1460 etiam
812 1403 968 1475 gravi
1089 1420 1207 1459 esse
1256 1420 1423 1475 quam
1477 1406 1616 1475 tuin,
1671 1420 1795 1458 cum
1850 1402 1935 1458 illi
1990 1402 2263 1460 dixissem

47 1550 59 1558 .
84 1534 235 1562 om«
257 1494 426 1605 affl,
462 1519 551 1557 me
593 1501 771 1558 solum
813 1518 930 1557 esse
959 1500 1116 1571 velle,
1151 1518 1262 1573 qua
1300 1518 1359 1557 re
1390 1500 1675 1581 Qme
1702 1500 1807 1556 hoc
1842 1505 2089 1571 tempore
2132 1518 2337 1567 eamp
2358 1532 2411 1594 Η

72 1610 78 1615 ’
102 1600 120 1630 ’
175 1628 388 1679 &ww
463 1598 535 1689 ad
562 1616 651 1655 me
671 1599 870 1654 venire.
954 1598 1249 1670 Putabam,
1274 1598 1323 1654 si
1344 1598 1484 1654 nihil
1504 1597 1842 1673 rescripsisse
1902 1642 1916 1668 ‚
1944 1597 1957 1609 ⁰
2006 1615 2099 1653 am
2127 1616 2261 1655 cum
2304 1573 2411 1677 Eu]

71 1662 144 1705 y
350 1677 642 1753 ''''''‘matre
670 1701 998 1755 venturam:
1041 1714 1186 1753 nunc
1214 1714 1325 1752 non
1363 1596 2099 1768 putofflfflim
2128 1696 2264 1753 illas
2300 1673 2411 1775 'liis

463 1794 680 1852 litteras
725 1812 835 1850 non
879 1793 1028 1849 illius
1073 1811 1205 1850 esse.
1296 1792 1445 1849 Illud
1490 1797 1694 1863 autem,
1741 1791 1888 1863 quod
1927 1790 2043 1847 fore
2071 1792 2257 1864 vide0,
2312 1765 2345 1825 s

459 1894 647 1985 (ipsum
691 1892 818 1949 volo
855 1892 976 1948 vita
1095 1909 1163 1948 ne
1203 1891 1289 1947 illi
1330 1890 1401 1947 ad
1442 1908 1531 1947 me
1572 1890 1812 1947 veniant.
1896 1889 1973 1945 Et
2013 1908 2128 1946 una
2170 1896 2264 1948 est

285 1956 760 2048 W‘s‘tiitatibait
788 2007 888 2062 ego
916 1908 1142 2045 ενοξω.
1228 1988 1467 2058 Nollem,
1492 1987 1588 2044 sed
1611 2005 1827 2043 necesse
1856 1992 1955 2044 est.
2043 1988 2121 2044 Te
2152 1988 2265 2045 hoc

464 2108 608 2145 nunc
634 2106 767 2160 rogo
794 2092 860 2143 ut
888 2024 1253 2159 explores&
1262 2104 1428 2159 quam
1468 2086 1613 2142 diem
1655 2076 1743 2141 hic
1770 2087 1855 2141 ita
1880 2086 2085 2158 possim
2114 2104 2258 2159 esse,

463 2192 529 2243 ut
557 2205 626 2243 ne
655 2186 945 2258 opprimar.
1012 2184 1176 2256 Ages,
1209 2188 1276 2240 ut
1304 2183 1511 2256 scribis,
1547 2187 1861 2255 temperate.
1922 2183 1971 2239 2.
2002 2183 2263 2241 Ciceroni
2372 2246 2377 2249 ,

464 2284 632 2340 velim
662 2284 764 2340 hoc
793 2300 1080 2355 proponas,
1105 2283 1188 2338 ita
1216 2286 1421 2351 tamen,
1450 2282 1498 2337 si
1540 2280 1645 2337 tibi
1685 2298 1795 2336 non
1822 2281 2074 2352 iniquum
2102 2281 2263 2339 vide-

463 2381 632 2451 bitur,
656 2385 722 2437 ut
749 2385 1004 2452 sumptus
1033 2380 1198 2436 huius
1226 2378 1695 2451 peregrinationis,
1720 2378 1937 2450 quibus,
1963 2379 2012 2433 si
2040 2378 2261 2437 Romae

465 2483 610 2535 esset
639 2478 972 2549 domumque
999 2477 1343 2547 conduceret,
1376 2476 1523 2549 quod
1555 2476 1731 2532 facere
1760 2475 2055 2547 cogitabat,
2090 2476 2261 2535 facile

463 2580 756 2633 contentus
784 2576 1006 2632 futurus
1034 2580 1168 2646 erat,
1203 2574 1576 2631 accommodet
1604 2573 1676 2629 ad
1709 2573 1983 2629 mercedes
2010 2572 2257 2645 Argileti

465 2680 522 2731 et
561 2674 844 2742 Aventini,
887 2678 944 2729 et
994 2691 1117 2730 cum
1166 2672 1217 2729 ei
1265 2672 1623 2743 proposueris,
1670 2671 1786 2742 ipse
1814 2670 1982 2729 velim
2036 2672 2260 2744 reliqua

463 2772 756 2843 moderere,
789 2789 953 2843 quem
983 2771 1054 2827 ad
1093 2770 1319 2826 modum
1353 2787 1421 2825 ex
1461 2770 1530 2825 iis
1572 2768 1913 2825 mercedibus
1940 2770 2259 2841 suppedite-

464 2888 588 2925 mus
643 2871 708 2941 ei,
761 2869 908 2942 quod
957 2886 1094 2941 opus
1142 2868 1233 2925 sit.
1340 2866 1642 2936 Praestabo
1688 2883 1789 2922 nec
1838 2865 2101 2921 Bibulum
2152 2886 2259 2925 nec

465 2966 762 3022 Acidinum
806 2984 906 3023 nec
951 2964 1285 3033 Messallam,
1335 2981 1471 3035 quos
1516 2962 1755 3020 Athenis
1804 2963 2020 3019 futuros
2064 2964 2251 3037 audio,

379 3134 384 3139 ι
467 3061 696 3118 maiores
736 3067 990 3133 sumptus
1032 3062 1272 3117 facturos
1312 3078 1479 3131 quam
1512 3059 1659 3131 quod
1687 3077 1756 3115 ex
1796 3059 1875 3115 eis
1907 3058 2257 3117 mercedibus

468 3158 773 3229 recipietur.
881 3159 1078 3229 Itaque
1122 3157 1289 3213 velim
1333 3156 1535 3228 videas,
1585 3156 1839 3227 primum,
1893 3154 2254 3213 conductores

469 3257 562 3327 qui
590 3255 703 3310 sint
731 3259 787 3311 et
816 3255 1025 3327 quanti,
1059 3254 1269 3325 deinde,
1304 3258 1369 3308 ut
1390 3254 1501 3309 sint
1524 3253 1617 3326 qui
1639 3252 1710 3308 ad
1732 3252 1875 3308 diem
1906 3251 2142 3325 solvant,
2172 3260 2247 3327 et,
