2434 3734
399 196 460 245 68
507 220 518 233 ·
925 190 1225 245 xxxv111.
1266 181 1437 261 (ATT.
1474 191 1566 243 v1.
1607 182 1663 263 8)

397 350 544 406 enim
607 364 836 406 xxxm.
913 354 1072 405 erant
1143 348 1813 421 reliqui—sollicitudine
1877 350 2193 421 provinciae

396 452 583 503 tamen
611 446 700 503 vel
729 446 966 503 maxime
994 446 1342 518 urgebamur.
1430 446 1575 504 Cum
1602 446 1751 505 enim
1780 446 1997 503 arderet
2029 446 2195 519 Syria

397 543 542 600 bello
571 548 629 600 et
672 543 907 600 Bibulus
948 545 1007 599 in
1049 549 1210 601 tanto
1252 562 1496 601 maerore
1538 562 1637 601 suo
1664 545 1966 601 maximam
2004 562 2195 601 curam

397 642 530 699 belli
559 644 868 699 sustineret
885 643 958 699 ad
995 661 1191 715 meque
1220 644 1395 716 legati
1422 644 1541 701 81118
1569 648 1628 701 et
1655 647 1915 715 quaestor
1942 647 2001 700 et
2027 644 2194 700 amici

395 740 512 797 eius
539 740 758 797 litteras
779 740 1070 798 mitterent
1089 747 1157 797 ut
1185 740 1433 798 subsidio
1461 741 1721 813 venirem,
1754 742 1861 798 etsi
1888 741 2193 798 exercitum

395 837 677 894 infirmum
706 832 994 911 habebam,
1027 839 1238 897 auxilia
1273 858 1405 896 sane
1432 839 1591 911 bona,
1624 840 1721 896 sed
1749 857 1813 896 ea
1842 838 2188 911 Galatarum,

396 936 726 1008 Pisidarum,
771 936 1283 1011 Lyciorum—haec
1325 938 1473 995 enim
1512 943 1645 995 sunt
1685 942 1875 995 nostra
1914 937 2195 995 robora—

395 1041 584 1093 tamen
611 1053 728 1092 esse
757 1036 996 1094 officium
1023 1055 1208 1094 meum
1237 1036 1435 1109 putavi
1463 1036 1763 1093 exercitum
1793 1036 1995 1092 habere
2022 1053 2191 1109 quam

395 1134 642 1205 proxime
696 1132 930 1205 hostem,
989 1134 1171 1206 quoad
1228 1132 1368 1191 mihi
1422 1150 1672 1206 praeesse
1726 1134 2039 1206 provinciae
2092 1152 2193 1208 per

395 1235 622 1307 senatus
650 1230 966 1288 consultum
1006 1229 1211 1287 liceret.
1303 1230 1428 1301 Sed,
1458 1248 1569 1304 quo
1612 1248 1712 1303 ego
1738 1232 1978 1288 maxime
2018 1223 2191 1288 deleo-

396 1328 571 1400 tabar,
597 1328 834 1386 Bibulus
855 1327 1122 1385 molestus
1149 1327 1289 1384 mihi
1316 1347 1427 1386 non
1454 1334 1609 1387 erat:
1653 1329 1724 1387 de
1752 1330 2006 1386 omnibus
2026 1330 2192 1387 rebus

396 1426 672 1483 scribebat
699 1428 771 1484 ad
791 1445 881 1484 me
902 1428 1103 1500 potius,
1129 1432 1189 1484 et
1208 1427 1349 1483 mihi
1370 1427 1698 1485 decessionis
1720 1427 1837 1485 dies
1860 1422 2193 1502 λεληθότως

397 1525 729 1598 obrepebat:
786 1526 882 1599 qui
923 1543 1050 1582 cum
1091 1525 1395 1597 advenerit,
1444 1522 1602 1581 ἄλλο
1642 1521 1980 1601 πρόβλημα,
2026 1544 2191 1600 quem

396 1624 724 1696 praeficiam,
773 1624 880 1679 nisi
927 1606 1134 1680 Caldus
1178 1628 1437 1697 quaestor
1479 1624 1709 1697 venerit,
1747 1623 1816 1681 de
1856 1641 1966 1697 quo
2009 1623 2192 1681 adhuc

398 1721 539 1778 nihil
557 1721 695 1778 certi
715 1720 1064 1779 habebamus,
1142 1720 1195 1778 4.
1235 1720 1541 1793 Oupiebam
1562 1721 1870 1778 mehercule
1888 1721 2190 1794 longiorem

398 1819 688 1893 epistolam
717 1819 910 1893 facere,
941 1819 1040 1876 sed
1079 1837 1180 1876 1188
1220 1824 1341 1877 erat
1367 1838 1454 1877 res
1495 1820 1565 1877 de
1605 1838 1717 1891 qua
1756 1820 2049 1877 scriberem
2090 1838 2193 1877 1188

398 1918 565 1975 iocari
592 1936 722 1990 prae
751 1936 882 1975 cura
908 1922 1176 1990 poteram.
1263 1915 1493 1974 Valebis
1520 1917 1693 1989 igitur
1720 1922 1777 1976 et
1805 1918 2020 1990 puellae
2048 1918 2191 1975 salu-

400 2022 516 2075 tem
543 2016 830 2075 Atticulae
858 2016 1007 2075 dices
1033 2022 1363 2089 nostraeque
1392 2016 1581 2073 Piliae.

459 2315 801 2373 XXXVIII.
850 2315 946 2372 ΤΟ
989 2312 1342 2385 ATTIOUS,
1388 2330 1460 2371 111
1502 2313 1681 2371 Romu
1725 2309 1893 2391 (Am.
1938 2330 2023 2372 vr.
2072 2311 2135 2392 8)

563 2472 870 2531 EPHESUS,
910 2471 1102 2520 A.U.0.
1143 2469 1275 2529 704;
1320 2470 1437 2519 Ro.
1480 2469 1577 2530 503
1623 2471 1763 2519 AET.
1806 2469 1923 2518 010.
1966 2470 2027 2519 56

486 2615 692 2662 Litteras
725 2614 879 2661 Attici
923 2613 1101 2673 Ephesi
1145 2612 1238 2659 sibi
1276 2612 1490 2659 redditas
1528 2626 1558 2657 a
1595 2612 1800 2659 Batonio
1842 2614 2003 2672 gratas
2046 2612 2194 2660 fuisse

404 2694 656 2754 significat,
680 2693 764 2739 sed
788 2692 1047 2739 Batonium
1064 2705 1218 2739 meros
1241 2694 1444 2737 terrores
1462 2690 1767 2739 Caesarianos
1789 2690 1853 2737 ad
1872 2704 1923 2738 se
1946 2690 2189 2739 attulisse:

405 2772 465 2819 de
499 2771 730 2818 tarditate
758 2769 1078 2829 navigationis
1108 2782 1238 2826 suae,
1275 2768 1335 2815 de
1370 2768 1513 2815 rebus
1550 2768 1748 2815 urbanis
1786 2768 1893 2815 vult
1926 2768 2111 2816 edoceri
2143 2772 2193 2817 et

405 2850 524 2910 quid
545 2849 738 2896 Atticus
761 2848 821 2895 de
842 2848 1090 2908 triumpho
1112 2861 1198 2894 suo
1222 2848 1410 2907 cogitet.

513 2985 562 3045 1.
609 2984 753 3041 Oum
773 2982 1140 3040 instituissem
1168 2982 1240 3037 ad
1270 2987 1326 3038 te
1354 2981 1589 3039 scribere
1610 2980 1992 3053 calamumque
2011 2999 2193 3055 sump-

405 3084 599 3141 sissem
650 3080 918 3137 Batonius
945 3097 976 3137 8
997 3079 1128 3135 navi
1155 3083 1307 3136 recta
1333 3078 1406 3136 ad
1433 3097 1523 3136 me
1549 3078 1707 3135 venit
1734 3079 1960 3136 domum
1987 3078 2193 3151 Ephesi

408 3189 466 3239 et
495 3180 784 3255 epistolam
813 3184 968 3235 tuam
997 3177 1239 3234 reddidit
1264 3177 1439 3249 pridie
1470 3177 1599 3234 Kal.
1632 3177 1913 3235 Octobres.
2000 3178 2193 3235 Laeta-
