2434 3734
855 259 946 310 IV.
983 245 1154 327 (ΛΠ.
1195 259 1235 309 1.
1277 247 1335 328 2)
1958 263 1988 312 ⁶

199 420 506 478 dimensam
551 422 610 475 et
649 416 1065 474 exaedificatam
1105 417 1292 474 animo
1336 417 1596 491 habebas,
1629 417 1990 478 M’.Fonteius

199 519 336 576 emit
365 517 468 575 HS
498 531 888 574 ccc1oooxxx.
977 514 1047 572 Id
1074 519 1132 573 te
1159 516 1298 573 scire
1325 515 1493 588 volui,
1518 518 1566 573 si
1593 517 1731 591 quid
1756 517 1900 575 forte
1927 535 1993 576 ea

200 635 286 674 res
333 616 407 673 ad
460 615 819 688 cogitationes
872 618 1000 671 tuas
1053 614 1369 687 pertineret.
1456 615 1510 673 2.
1569 614 1632 685 Q.
1686 615 1874 688 frater,
1924 621 1993 673 ut

201 714 338 772 mihi
379 714 620 784 videtur,
646 729 758 785 quo
796 710 1053 769 volumus
1093 712 1279 769 animo
1318 716 1407 770 est
1438 713 1495 768 in
1525 712 1902 786 Pomponiam,
1934 719 1992 772 et

201 829 324 870 cum
381 829 448 868 ea
499 827 648 867 nunc
699 810 761 866 in
814 808 1181 882 Arpinatibus
1235 808 1474 882 praediis
1528 814 1648 868 erat
1701 815 1761 869 et
1807 829 1991 870 mcum

201 909 443 967 habebat
489 907 769 965 hominem
820 903 1221 981 xpnmopaffi,
1268 906 1341 964 D.
1390 906 1735 966 Turranium.
1823 908 1993 966 Pater

201 1008 358 1065 nobis
386 1006 620 1064 decessit
659 1021 778 1064 ΔΛ).
806 1019 923 1062 1111.
957 1003 1084 1062 Kal.
1110 1003 1449 1062 Decembris.
1537 1004 1693 1062 Haec
1720 1005 1992 1063 habebam

200 1106 311 1163 fere
353 1121 496 1178 quae
536 1107 594 1161 te
634 1103 772 1160 scire
798 1101 1015 1161 vellem.
1103 1101 1189 1159 'l'u
1229 1101 1413 1174 velim,
1444 1103 1493 1159 si
1519 1119 1631 1175 qua
1670 1107 1993 1160 ornamenta

202 1197 567 1282 γυμνασιῶδη
594 1201 828 1274 reperire
868 1201 1090 1274 poteris,
1122 1217 1265 1274 quae
1285 1199 1391 1258 loci
1418 1197 1694 1278 sintZeius,
1722 1218 1887 1275 quem
1927 1205 1994 1259 tu

199 1320 310 1359 non
365 1301 600 1374 ignoras,
659 1316 729 1356 ne
795 1299 1222 1372 praetermittas.
1341 1297 1460 1355 Nos
1526 1298 1837 1357 Tusculano
1910 1300 1993 1358 ita

199 1398 554 1468 delectamur,
605 1401 672 1454 ut
727 1396 1002 1454 nobismet
1054 1397 1190 1470 ipsis
1238 1399 1362 1453 tum
1410 1395 1663 1470 denique,
1715 1415 1841 1455 cum
1894 1397 1993 1455 illo

201 1497 467 1567 venimus,
519 1495 847 1568 placeamus,
934 1494 1083 1564 Quid
1129 1512 1263 1567 agas
1307 1495 1562 1553 omnibus
1608 1494 1677 1553 de
1722 1496 1887 1554 rebus
1935 1502 1993 1555 et

200 1595 336 1670 quid
363 1599 590 1652 acturus
615 1594 692 1650 sis
711 1593 800 1650 fac
825 1610 926 1650 nos
953 1610 1122 1666 quam
1147 1592 1570 1665 diligentissime
1600 1595 1871 1652 certiores.

139 1885 296 2018 sss
364 1894 466 1952 IV.
512 1894 611 1952 ΤΟ
652 1892 1005 1965 ATTICUS,
1049 1909 1130 1951 Ar
1171 1894 1426 1951 A'rmms
1471 1893 1640 1972 (A'r‘r.
1674 1911 1712 1953 1.
1748 1894 1809 1968 2)

429 2075 623 2134 ROME,
663 2074 854 2124 A.U.0.
896 2075 1026 2134 6893
1071 2075 1188 2123 B.c.
1233 2074 1331 2136 653
1374 2076 1515 2125 Am.
1555 2077 1673 2125 CIC.
1704 2077 1765 2126 41

281 2243 496 2304 Exponit
530 2242 597 2289 Μ.
632 2241 796 2289 Cicero
818 2242 878 2288 de
911 2242 1012 2289 filio
1045 2242 1137 2289 sibi
1171 2244 1301 2303 nato,
1342 2243 1401 2289 de
1435 2242 1644 2291 Catilina
1673 2245 1987 2307 defendendo,

200 2321 260 2368 de
282 2321 438 2368 Attici
472 2319 683 2366 adventu
717 2319 779 2366 ad
811 2319 1062 2366 hominum
1096 2320 1333 2367 nobilium
1366 2321 1664 2370 voluntatem
1685 2323 1779 2370 sibi
1801 2325 1992 2371 concili-

200 2399 376 2446 andam
399 2413 430 2444 a
450 2410 500 2444 se
522 2398 812 2457 exspectate.

306 2565 355 2623 1.
404 2564 468 2622 L.
530 2562 676 2620 Iulio
731 2562 965 2620 Caesare
1033 2562 1096 2622 C.
1157 2564 1370 2622 Marcio
1426 2565 1623 2638 Figulo
1677 2568 1994 2626 consulibus

198 2663 369 2721 filiolo
398 2679 488 2719 me
527 2666 754 2718 auctum
781 2662 920 2717 scito
949 2660 1104 2719 salva
1143 2662 1417 2720 Terentia.
1504 2663 1623 2720 Abs
1651 2669 1709 2720 te
1738 2669 1855 2722 tam
1896 2666 1994 2723 diu

198 2761 341 2819 nihil
383 2759 737 2817 litterarum?
818 2759 937 2832 Ego
977 2759 1048 2816 de
1088 2760 1227 2817 meis
1255 2760 1328 2817 ad
1370 2764 1427 2818 te
1452 2761 1761 2818 rationibus
1801 2764 1995 2836 scripsi

197 2866 364 2919 antea
405 2858 714 2931 diligenter.
803 2857 927 2914 Hoc
954 2863 1199 2931 tempore
1230 2857 1546 2930 Catilinam,
1578 2861 1993 2932 competitorem

197 2964 468 3030 nostrum,
514 2956 807 3013 defendere
855 2956 1177 3028 cogitamus.
1267 2955 1487 3014 Iudices
1528 2956 1810 3029 habemus,
1856 2963 1993 3032 quos

194 3055 493 3126 voluimus,
567 3072 785 3111 summa
851 3055 1184 3111 accusatoris
1252 3052 1556 3113 voluntate.
1686 3055 1873 3129 Spem,
1945 3059 1994 3115 si

194 3154 488 3212 absolutus
529 3153 651 3223 erit,
685 3152 1112 3209 coniunctiorem
1153 3152 1315 3209 illum
1342 3152 1500 3209 nobis
1542 3153 1658 3210 fore
1685 3154 1745 3210 in
1781 3156 1992 3213 ratione

195 3252 523 3334 petitionis:
573 3251 660 3306 sin
705 3248 869 3307 aliter
911 3249 1182 3321 acciderit,
1233 3250 1549 3308 humaniter
1595 3250 1847 3310 feremus.
1935 3255 1987 3311 2.
