2434 3734
508 366 756 456 41va
795 303 1070 408 (Ano
1111 234 1543 468 W&
1759 285 1769 293 ⁸

623 491 668 546 I.
715 488 812 545 ΤΟ
855 487 1210 558 ΑΤΤΙΟἮὸ,
1254 504 1335 546 A‘r
1376 488 1597 544 ΑΤΗΕΝ
1676 485 1852 565 (ΑΤΤ.,
1888 502 1929 545 1.
1975 484 2039 562 5)
2331 508 2342 521 ·

911 548 1439 620 ’uaffisvffl
1738 538 2006 621 ινιίᾷῑ
2048 553 2429 630 Q

662 659 859 716 1101111,
896 659 1087 708 auc.
1125 658 1254 718 6863
1302 659 1417 706 nc.
1462 657 1559 718 683
1610 658 1749 705 ΑΕΤ.
1791 657 1910 705 010.
1951 656 2014 704 38
2078 621 2161 762 ‘J
2184 609 2429 697 (34141)

435 251 466 298 2

519 822 591 868 De
613 822 666 870 L.
698 821 938 870 Ciceronis
973 823 1134 870 fratris
1167 823 1402 882 patruelis
1436 824 1605 878 morte,
1635 822 1697 868 de
1726 821 1781 878 Q.
1812 821 1974 868 fratris
1998 821 2157 867 animo
2179 821 2230 868 in

437 914 634 947 uxorem
669 915 820 959 suam,
853 901 1007 948 Attici
1041 915 1265 958 sororem,
1297 902 1348 947 et
1379 900 1617 960 placando
1651 902 1701 946 et
1733 899 1953 958 regendo,
1989 899 2049 944 de
2082 899 2229 945 inter-

437 979 661 1025 missione
692 979 978 1038 litterarum,
1017 978 1076 1025 de
1108 979 1300 1038 negotio
1331 979 1623 1034 Acutiliano,
1660 977 1719 1023 de
1752 977 1943 1023 Lucceii
1976 976 2231 1023 offensione

437 1058 670 1114 lenienda,
696 1058 757 1104 de
778 1073 830 1104 re
852 1059 1078 1116 Tadiana,
1111 1059 1171 1104 de
1194 1059 1440 1118 Epirotica
1472 1058 1713 1118 emptione
1734 1057 1904 1116 Attici,
1936 1056 1995 1102 de
2019 1057 2231 1103 ornando

437 1135 720 1193 Tusculano,
747 1135 807 1181 de
830 1135 1080 1182 Terentiae
1104 1135 1383 1181 valetudine
1406 1137 1455 1182 et
1476 1134 1793 1181 humanitate.

565 1290 614 1348 1.
663 1289 853 1359 Quant
977 1289 1221 1347 dolorem
1248 1289 1549 1362 acceperim
1586 1292 1646 1346 et
1673 1292 1882 1361 quanto
1908 1287 2098 1344 fructu
2124 1288 2232 1344 sim

440 1389 690 1460 privatus
719 1392 776 1445 et
802 1309 1006 1445 foffi‘sff
1034 1392 1092 1445 et
1119 1387 1248 1444 dom
1330 1387 1421 1458 ,ico
1449 1386 1609 1443 Lucii
1635 1351 2028 1442 &moeni
2054 1389 2233 1442 morte

440 1486 498 1540 in
542 1485 733 1556 primis
774 1501 874 1556 pro
916 1489 1106 1540 nostra
1151 1490 1417 1541 consuetu
1588 1488 1655 1540 tu
1704 1483 2018 1540 existimare
2054 1487 2228 1555 potes

443 1583 592 1638 Nam
619 1582 758 1638 mihi
786 1583 984 1652 omnia,
1013 1600 1152 1655 quae
1179 1581 1421 1639 iucunda
1448 1601 1516 1639 ex
1542 1581 1891 1638 humanitate
1918 1580 2147 1638 alterius
2174 1586 2235 1639 et

441 1679 684 1735 moribus
711 1677 922 1734 homini
949 1678 1194 1736 accidere
1221 1683 1467 1752 possunt,
1495 1696 1563 1735 ex
1588 1677 1686 1734 illo
1707 1677 2045 1742 accidebant.
2111 1676 2236 1746 Qua

441 1796 501 1834 re
527 1795 638 1833 non
665 1775 860 1833 dubito
888 1776 1022 1849 quin
1065 1776 1172 1834 tibi
1211 1795 1431 1849 quoque
1471 1777 1530 1833 id
1571 1776 1870 1833 molestum
1898 1776 1987 1848 sit,
2021 1794 2148 1832 cum
2176 1780 2237 1834 et

443 1892 564 1931 meo
591 1873 774 1931 dolore
802 1891 1055 1931 moveare
1095 1879 1155 1931 et
1194 1875 1312 1946 ipse
1354 1875 1504 1931 omni
1530 1874 1743 1931 virtute
1769 1873 2053 1945 officioque
2081 1891 2237 1930 orna-

199 2017 204 2021 .
238 1943 720 2089 ‚missimum
748 1971 942 2042 tuique
970 1975 1028 2028 et
1055 1988 1156 2026 sua
1183 1975 1379 2043 sponte
1406 1974 1464 2027 et
1503 1987 1626 2026 meo
1662 1986 1907 2026 sermone
1934 1973 2231 2042 amantem,

39 2013 218 2116 Μὰ)
444 2070 697 2141 adfinem,
745 2070 1092 2141 amicumque
1133 2069 1395 2126 amiseris.
1486 2069 1537 2126 2.
1599 2067 1759 2141 (ζμ-011
1800 2067 1873 2123 ad
1912 2084 2001 2123 me
2042 2067 2238 2124 scribis

445 2166 514 2223 de
557 2183 736 2222 sorore
777 2170 893 2239 tua,
939 2165 1100 2222 testis
1143 2165 1250 2222 erit
1294 2164 1401 2222 tibi
1447 2165 1567 2237 ipsa
1611 2168 1851 2236 quantae
1893 2161 2032 2219 mihi
2076 2181 2239 2220 curae

445 2263 627 2334 fuerit,
659 2266 726 2319 ut
755 2261 950 2331 Quinti
977 2262 1165 2318 fratris
1205 2261 1423 2318 animus
1462 2262 1523 2318 in
1565 2279 1687 2318 eam
1729 2265 1874 2318 esset
1900 2261 1963 2334 is,
1996 2260 2092 2332 qui
2120 2277 2240 2316 esse

447 2359 684 2416 deberet.
800 2357 978 2426 Quem
1031 2376 1156 2415 cum
1213 2375 1330 2415 esse
1386 2357 1726 2415 offensiorem
1781 2357 2091 2427 arbitrarer,
2145 2373 2239 2412 eas

447 2455 662 2512 litteras
701 2453 774 2510 ad
814 2472 940 2512 eum
983 2455 1125 2527 misi,
1158 2455 1359 2528 quibus
1401 2459 1459 2511 et
1498 2453 1772 2528 placarem
1812 2458 1880 2511 ut
1918 2454 2145 2510 fratrem
2180 2457 2241 2510 et

448 2570 724 2610 monerem
751 2556 817 2608 ut
843 2552 1108 2608 minorem
1137 2557 1196 2609 et
1223 2551 1567 2624 obiurgarem
1588 2555 1655 2612 ut
1682 2555 1970 2608 errantem.
2038 2550 2240 2621 Itaque

449 2668 517 2708 ex
542 2649 628 2720 iis,
656 2636 797 2721 qua'e
823 2653 1016 2721 postea
1043 2665 1204 2721 saepe
1245 2649 1317 2706 ab
1359 2667 1422 2706 eo
1463 2649 1536 2705 ad
1574 2666 1665 2705 me
1704 2648 1910 2720 scripta
1936 2652 2084 2719 sunt,
2118 2665 2240 2704 con-

450 2746 560 2803 fido
601 2746 700 2802 ita‘
723 2763 808 2802 ess
882 2764 914 2801 o
972 2745 1066 2802 nia
1153 2749 1179 2802 t
1220 2749 1278 2802 et
1322 2750 1573 2818 oporteat
1616 2749 1673 2802 et
1713 2743 1963 2801 velimus.
2053 2745 2104 2801 3.
2150 2743 2242 2800 De

451 2844 761 2902 litterarum
790 2764 1046 2899 migione
1073 2763 1191 2899 siim
1220 2859 1383 2898 causa
1410 2841 1509 2898 abs
1530 2847 1588 2899 te
1614 2859 1850 2898 accusor.
1915 2840 2241 2912 Numquam

452 2943 600 2998 enim
627 2960 662 2998 a
689 2941 994 3014 Pomponia
1020 2946 1210 2996 nostra
1252 2940 1449 2997 certior
1476 2957 1600 2996 sum
1640 2939 1823 2996 factus
1850 2956 1966 3008 esse
1996 2939 2085 2995 cui
2111 2938 2243 2994 dare

452 3038 670 3096 litteras
686 3055 915 3110 possem,
916 3041 1504 3190 Qeque
1525 3035 1663 3092 mihi
1679 3035 1877 3092 accidit
1898 3039 1963 3092 ut
1982 3034 2240 3092 haberem

455 3135 552 3207 qui
576 3135 636 3191 in
665 3134 896 3207 Epirum
924 3134 1289 3207 proficisceret
1390 3133 1703 3206 nequedum
1744 3138 1802 3190 tc
1843 3131 2083 3189 Athenis
2125 3149 2243 3188 esse
2427 3175 2428 3182 ,

19 3186 616 3380 Μηξὲἰθ
747 3249 828 3289 us,
917 3233 970 3288 4.
1015 3231 1104 3288 De
1131 3231 1450 3289 Acutiliano
1477 3234 1665 3288 autem
1691 3229 1909 3302 negotio
1932 3227 2079 3301 quod
2104 3228 2245 3284 mihi
2427 3243 2428 3294 j
