2434 3734
869 226 962 277 x1.
1001 215 1186 296 (ΒΑΜ.
1224 227 1287 278 v.
1326 215 1385 296 4)
1962 229 2023 278 21

329 431 438 489 XI.
494 432 592 489 ΤΟ
633 432 793 490 THE
835 431 1166 504 CONSUL,
1211 431 1631 492 METELLUS
1672 431 1942 506 NEPOS,

32 555 35 655 Ι
107 584 123 645 ¹
792 547 864 588 nt
893 531 1074 588 Ron
1103 531 1285 604 (Fau.
1308 547 1367 588 v.
1402 527 1466 609 4)

317 685 834 747 DYRRHAOHIUM,
871 687 1056 737 A.U.c.
1098 686 1222 746 697;
1268 687 1380 736 ΒΩ.
1420 684 1505 747 57;
1548 685 1688 736 ΔΕΓ.
1725 685 1841 736 010.
1886 687 1947 736 49

407 883 412 886 ¹
521 828 590 876 Μ.
618 827 782 876 Cicero
805 829 861 886 Q.
891 829 1076 876 Metelli
1098 828 1309 876 consulis
1332 841 1472 888 opem
1494 827 1735 888 implorat.

623 958 684 999 Π.
713 958 928 1000 ΟῙΟΕΒΟ
956 959 1002 1002 Β.
1033 960 1090 1002 D.
1121 959 1176 1008 Q.
1207 957 1485 1000 mmo
1514 956 1631 1000 008.

313 1071 362 1128 1.
405 1071 652 1131 Litterae
669 1072 866 1144 Quinti
884 1075 1074 1132 statris
1090 1079 1150 1132 et
1169 1074 1233 1132 Τ.
1256 1073 1565 1146 Pomponii,
1588 1071 1880 1130 necessarii
1899 1073 2023 1144 mei,

225 1175 452 1228 tantum
478 1170 595 1244 spei
620 1171 902 1242 dederant,
931 1177 998 1229 ut
1023 1173 1084 1229 in
1111 1177 1170 1230 te
1197 1190 1309 1230 non
1337 1171 1521 1228 minus
1548 1169 1743 1228 auxilii
1770 1187 1937 1244 quam
1964 1170 2024 1228 in

225 1274 326 1326 tuo
353 1269 561 1342 collega
586 1271 726 1328 mihi
752 1272 1120 1329 constitutum
1145 1271 1329 1330 fuerit.
1417 1269 1617 1344 Itaque
1637 1269 1712 1327 ad
1732 1275 1789 1327 te
1808 1269 2026 1327 litteras

224 1367 422 1424 statim
466 1367 610 1439 misi,
640 1385 738 1442 per
778 1387 932 1442 quas,
976 1373 1042 1426 ut
1083 1367 1309 1442 fortuna
1346 1367 1682 1442 postulabat,
1720 1371 1779 1425 et
1817 1367 2025 1440 gratias

227 1464 336 1521 tibi
382 1465 470 1536 egi
516 1470 574 1522 et
614 1465 682 1522 de
722 1465 933 1539 reliquo
979 1471 1228 1540 tempore
1275 1465 1543 1523 auxilium
1584 1465 1736 1538 petii.
1822 1463 2027 1522 Postea

227 1561 367 1617 mihi
391 1579 502 1618 non
530 1567 649 1620 tam
675 1580 924 1620 meorum
951 1563 1178 1621 litterae
1199 1581 1367 1636 quam
1394 1579 1671 1621 sermones
1698 1579 1902 1634 eorum,
1929 1561 2025 1634 qui

228 1658 330 1715 hac
375 1659 483 1716 iter
521 1659 814 1732 faciebant,
859 1661 1108 1718 animum
1150 1665 1311 1718 tuum
1354 1661 1715 1718 immutatum
1756 1659 2024 1732 significa-

227 1756 398 1814 bant:
468 1775 608 1829 quae
669 1775 757 1815 res
822 1758 956 1815 fecit
1008 1739 1076 1816 ut
1127 1757 1237 1815 tibi
1290 1757 1493 1816 litteris
1547 1757 1862 1829 obstrepere
1912 1773 2021 1812 non

229 1853 497 1912 auderem.
585 1853 636 1912 2.
679 1853 847 1912 Nunc
868 1855 1006 1912 mihi
1029 1855 1273 1924 Quintus
1293 1854 1470 1911 frater
1494 1871 1649 1910 meus
1670 1851 2021 1908 mitissimam

230 1955 384 2008 tuam
426 1953 744 2025 orationem,
790 1970 957 2024 quam
999 1954 1059 2009 in
1104 1957 1301 2010 senatu
1342 1952 1644 2024 habuisseS,
1690 1949 2017 2024 perscripsit,

230 2064 337 2120 qua
355 2047 618 2106 inductus
635 2049 706 2107 ad
724 2055 783 2107 te
803 2049 1040 2107 scribere
1061 2067 1186 2106 eum
1207 2052 1437 2106 conatus
1459 2052 1517 2106 et
1537 2048 1637 2105 abs
1656 2051 1729 2119 te,
1751 2051 2021 2121 quantum

230 2151 327 2202 tua
353 2145 462 2202 fert
490 2146 763 2220 voluntaS,
795 2152 925 2220 peto
952 2165 1279 2220 quaesoque,
1310 2150 1377 2203 ut
1418 2150 1544 2203 tuos
1584 2163 1799 2204 mecum
1838 2161 2021 2202 serves

231 2242 411 2313 potius
439 2259 606 2314 quam
633 2247 858 2315 propter
886 2242 1247 2316 adrogantem
1275 2241 1659 2301 crudelitatem
1686 2248 1909 2299 tuorum
1935 2259 2024 2298 me

231 2356 522 2412 oppugnes.
609 2340 696 2396 Tu
729 2344 856 2397 tuas
897 2341 1215 2398 inimicitias
1258 2345 1324 2398 ut
1363 2341 1444 2398 rei
1482 2340 1733 2414 publicae
1774 2339 2020 2414 donares,

229 2440 284 2492 te
330 2437 551 2495 vicisti:
613 2436 819 2495 alienas
868 2442 934 2494 ut
983 2443 1175 2495 contra
1222 2455 1338 2494 rem
1387 2437 1665 2510 publicam
1719 2437 2019 2507 confirmes,

227 2532 551 2590 adduceris?
633 2533 793 2602 Quod
839 2535 887 2591 si
932 2534 1070 2591 mihi
1119 2541 1218 2592 tua
1266 2534 1558 2592 clementia
1605 2551 1763 2606 opem
1812 2533 2019 2604 tuleris,

227 2629 481 2687 omnibus
514 2630 573 2685 in
600 2630 764 2687 rebus
791 2648 879 2688 me
907 2630 1022 2688 fore
1049 2632 1108 2687 in
1135 2636 1237 2688 tua
1276 2635 1553 2704 potestate
1582 2631 1687 2687 tibi
1728 2629 2021 2687 confirmo:

225 2728 312 2785 sin
340 2727 480 2784 mihi
500 2745 677 2801 neque
699 2729 1058 2802 magistratus
1079 2747 1257 2803 neque
1278 2734 1534 2788 senatum
1554 2747 1731 2802 neque
1758 2727 2022 2802 populum

227 2824 481 2882 auxiliari
512 2829 738 2897 propter
766 2844 888 2883 eam
916 2827 1048 2900 vim,
1081 2844 1224 2900 quac
1250 2845 1339 2884 me
1368 2844 1493 2883 cum
1520 2843 1579 2883 re
1620 2824 1841 2898 publica
1867 2825 2017 2896 vicit,

227 2922 459 2992 licuerit,
511 2921 640 2978 vide
693 2941 780 2992 ne,
829 2941 954 2980 cum
1001 2924 1140 2981 velis
1194 2941 1446 2982 revocare
1501 2929 1721 2996 tempus
1776 2922 2019 2980 omnium

227 3020 695 3093 reservandorum,
728 3039 855 3078 cum
882 3022 979 3096 qui
1005 3027 1260 3080 servetur
1286 3040 1398 3080 non
1426 3022 1546 3094 erit,
1579 3040 1689 3079 non
1714 3021 1905 3095 possis.
