2434 3734
789 256 1033 307 XLVIII.
1071 243 1241 325 (ATT.
1280 256 1369 305 xl.
1409 241 1462 322 1)
1958 257 2022 307 ss

238 414 434 471 bamus
475 412 543 469 de
585 412 798 469 Melita.
885 410 1130 469 Dubitas
1171 411 1345 483 igitur
1384 410 1520 484 quin
1549 428 1649 467 nos
1676 410 1735 466 in
1778 411 2019 468 hostium

239 529 465 569 numero
513 510 752 567 habeat?
833 508 1040 583 Scripsi
1087 508 1341 581 equidem
1385 508 1561 565 Balbo
1607 512 1665 565 te
1711 508 1783 565 ad
1830 526 1918 566 me
1956 508 2023 566 de

239 607 623 668 benevolentia
667 606 948 680 scripsisse
994 611 1052 663 et
1100 606 1169 664 de
1215 606 1538 679 suspicione.
1645 606 1751 678 Egi
1796 608 2019 679 gratias.

238 705 326 763 De
353 705 526 763 altero
553 705 605 762 ei
631 722 720 761 me
746 704 996 777 purgavi.
1085 704 1136 761 3.
1177 703 1423 776 Ecquem
1450 708 1517 760 tu
1543 702 1821 761 hominem
1848 704 2022 762 infeli-

237 803 476 860 ciorem‘l
577 802 707 859 Non
753 801 947 874 loquor
993 801 1168 874 plura,
1210 818 1281 858 ne
1329 806 1386 858 te
1435 818 1651 873 quoque
1699 802 2016 861 excruciem.

240 900 368 971 Ipse
409 898 661 956 conficior
701 899 914 955 venisse
956 902 1176 969 tempus
1217 915 1343 954 cum
1383 896 1497 955 iam
1538 915 1637 955 nec
1673 897 1891 956 fortiter
1923 918 2021 957 nee

236 997 536 1071 prudenter
562 997 864 1071 quidquam
893 998 1069 1054 facere
1095 996 1315 1069 possim.

504 1330 777 1387 XLVIII.
820 1330 917 1388 TO
960 1329 1296 1389 ATTIOUS
1340 1329 1508 1407 (ΑΤΤ.
1554 1348 1641 1389 XI.
1691 1329 1751 1410 1)

437 1502 688 1561 EPIRUS,
725 1502 915 1551 A.U.c.
958 1501 1088 1563 7063
1133 1503 1250 1553 nc,
1292 1504 1353 1553 48
1375 1519 1389 1564 ;
1433 1506 1573 1552 Am.
1610 1506 1725 1553 616.
1762 1504 1825 1554 58

319 1659 387 1707 M.
422 1658 586 1706 Cicero
615 1659 781 1735 Attico
809 1673 884 1707 res
917 1673 1027 1707 suas
1063 1661 1349 1709 domesticas
1382 1661 1707 1722 suscipiendas
1740 1665 1789 1709 et
1822 1664 2023 1710 tuendas

237 1736 553 1783 commendat.

343 1877 392 1934 1.
439 1876 643 1949 Accepi
669 1894 704 1933 a
731 1880 790 1933 te
816 1876 1098 1950 signatum
1125 1877 1393 1949 libellum,
1425 1895 1590 1951 quem
1617 1877 1857 1936 Anteros
1878 1882 2023 1937 attu-

236 1975 392 2044 lerat,
418 1992 487 2031 ex
507 1992 616 2047 quo
644 1974 786 2031 nihil
812 1975 950 2031 scire
977 1976 1135 2046 potui
1163 1974 1233 2032 de
1260 1976 1463 2031 nostris
1492 1975 1805 2032 domesticis
1826 1976 2022 2035 rebus:

237 2072 306 2129 de
333 2071 534 2143 quibus
574 2070 920 2129 acerbissime
960 2071 1229 2143 adflictm,
1260 2072 1410 2144 quod
1441 2073 1539 2144 qui
1564 2090 1657 2129 eas
1684 2072 2025 2145 dispensavit

237 2186 414 2242 neque
453 2168 612 2225 adest
652 2168 779 2225 istic
819 2186 995 2241 neque
1035 2168 1134 2225 ubi
1175 2173 1446 2226 terrarum
1480 2170 1556 2227 sit
1582 2170 1707 2226 6616.
1790 2168 2025 2229 Omnem

237 2272 426 2325 autem
465 2284 619 2339 spem
661 2266 837 2323 habeo
885 2266 1315 2324 existimationis
1351 2267 1801 2340 privatarumque
1842 2286 2024 2326 rerum

236 2366 296 2422 in
328 2368 428 2420 tua
468 2381 597 2435 erga
637 2381 725 2420 me
765 2362 905 2419 mihi
944 2362 1387 2436 perspectissime.
1425 2362 1824 2437 benevolentia,
1858 2383 2025 2437 quam

237 2461 286 2517 si
325 2459 413 2516 his
457 2460 796 2531 temporibus
840 2460 1054 2517 miseris
1095 2465 1152 2517 et
1193 2461 1453 2517 extremis
1500 2462 1857 2533 praestiteriS,
1891 2462 2025 2521 haec
2097 2464 2102 2469 ’

237 2555 494 2629 pericula,
527 2574 667 2628 quae
709 2555 849 2611 mihi
891 2556 1201 2613 communia
1241 2562 1373 2613 sunt
1414 2574 1540 2614 cum
1577 2558 1786 2629 ceteris,
1825 2558 2025 2617 fortius

236 2656 444 2712 feram:
485 2653 651 2727 idque
692 2658 758 2710 ut
805 2654 990 2726 facias,
1027 2659 1086 2711 te
1133 2654 1381 2711 obtestor
1426 2658 1595 2727 atque
1642 2655 1877 2714 obsecro.
1967 2658 2019 2716 2.

237 2752 358 2825 Ego
398 2752 458 2807 in
499 2750 810 2823 cistophoro
849 2751 910 2807 in
951 2751 1090 2809 Asia
1129 2750 1305 2809 habeo
1332 2752 1404 2808 ad
1447 2751 1564 2810 Hs,
1595 2751 1683 2809 bis
1710 2757 1770 2809 et
1794 2754 2017 2811 viciens.

238 2835 426 2907 Huius
441 2850 702 2921 pecuniae
722 2849 1128 2921 permutatione
1144 2848 1311 2907 fidem
1332 2853 1578 2907 nostram
1599 2849 1759 2907 facile
1779 2851 2019 2924 tuebere,

235 2966 405 3022 quam
433 2946 656 3020 quidem
685 2963 784 3018 ego
805 2946 912 3003 11161
939 2946 1253 3019 expeditam
1282 2946 1587 3019 relinquere
1613 2965 1703 3004 me
1722 2952 2017 3022 putassem,

236 3043 463 3101 credens
499 3043 567 3113 ei,
594 3042 686 3099 cui
727 3046 792 3099 tu
829 3042 936 3099 scis
979 3043 1090 3099 iam
1133 3043 1349 3115 pridem
1386 3043 1615 3100 minime
1655 3062 1744 3100 me
1786 3044 2017 3120 credere,

237 3145 606 3199 commoratus
643 3156 816 3196 essem
857 3138 1157 3212 paullisper
1194 3157 1295 3197 nec
1332 3140 1657 3197 domesticas
1685 3158 1771 3197 166
1795 3139 2023 3213 impedi-

234 3244 326 3297 tas
354 3238 734 3310 reliquissem3
776 3236 846 3293 ob
875 3253 1104 3308 eamque
1149 3254 1369 3293 causam
1410 3236 1585 3295 serius
1626 3236 1699 3293 ad
1739 3242 1797 3294 te
1824 3238 2015 3306 scribe,
