2434 3734
398 282 462 330 54
979 280 1201 330 xxxn.
1242 269 1411 348 (ATT.
1450 280 1511 330 v.
1550 267 1639 348 20)

403 437 534 493 novi
579 437 647 494 de
691 453 748 494 re
792 437 1014 509 publica
1052 437 1197 510 quod
1244 437 1349 493 tibi
1398 436 1689 492 scriberem
1732 435 2006 506 haberem,
2054 453 2188 492 usus

399 553 574 592 essem
604 553 727 592 mea
747 535 1157 605 consuetudine,
1181 539 1249 591 ut
1270 534 1563 606 diligenter
1583 538 1641 591 et
1667 534 1804 607 quid
1830 539 2017 602 actum
2044 537 2189 590 esset

403 636 460 688 et
504 632 639 704 quid
685 649 753 689 ex
781 651 844 690 eo
889 633 1162 689 futurum·
1192 650 1469 705 sperarem
1524 631 1931 704 perscriberem.
2044 631 2189 689 Sanc

387 725 688 804 'tamquam
744 732 801 787 in
873 731 1112 805 quodam
1169 731 1323 788 incili
1390 731 1503 788 iam
1572 731 1756 787 omnia
1810 730 2190 787 adhaeserunt.

403 827 702 885 Marcellus
747 829 894 885 idem
939 828 1079 886 illud
1129 829 1198 885 de
1238 829 1536 900 provinciis
1578 832 1755 900 urget,
1786 845 1964 904 neque
2011 826 2191 884 adhuc

401 926 744 1000 frequentem
795 931 1050 985 senatum
1095 927 1306 984 efficere
1348 928 1548 999 potuit.
1637 926 1761 982 Hoc
1802 927 1851 982 si
1893 926 2191 998 praeterito

401 1043 546 1081 anno
592 1025 760 1082 Curio
802 1025 1058 1082 tribunus
1107 1030 1166 1082 et
1207 1025 1400 1082 eadem
1429 1025 1575 1081 actio
1601 1024 1669 1081 de
1696 1024 1992 1096 provinciis
2020 1024 2190 1080 intro-

400 1123 522 1194 ibit,
556 1141 722 1196 quam
749 1123 909 1180 facile
951 1129 1086 1180 tunc
1127 1123 1202 1179 sit
1244 1123 1429 1179 omnia
1470 1122 1735 1195 impedire
1780 1127 1837 1178 et
1878 1140 2045 1194 quam
2088 1121 2191 1179 hoc

404 1220 607 1278 Caesar
623 1221 799 1293 iique,
832 1222 927 1294 qui
954 1222 1014 1277 in
1043 1239 1144 1278 sua
1171 1238 1336 1278 causa
1376 1239 1492 1278 rem
1534 1219 1812 1293 publicam
1839 1238 1951 1277 non
1978 1224 2186 1290 curent,

403 1323 624 1392 sperent
651 1337 762 1377 non
789 1324 848 1376 te
874 1319 1037 1376 fallit.

469 1547 724 1606 XXXII.
774 1547 870 1605 TO
911 1547 1265 1620 ATTIOUS,
1313 1565 1395 1605 on
1434 1564 1557 1604 'mu
1597 1564 1739 1605 WAY
1782 1566 1851 1606 ro
1894 1548 2125 1606 Eunus

1097 1639 1264 1718 (A'r'r.
1312 1657 1371 1699 v.
1419 1639 1524 1718 20)

589 1793 850 1850 CILIGIA,
887 1793 1065 1841 A.U.c.
1109 1790 1244 1852 7033
1290 1793 1407 1842 B.C.
1448 1792 1549 1852 513
1596 1794 1735 1840 AET.
1777 1793 1895 1842 010.
1939 1793 1999 1840 55

488 1925 554 1971 M.
580 1924 743 1970 Cicero
766 1923 933 1969 Attico
955 1936 1030 1968 res
1053 1936 1082 1969 a
1106 1936 1156 1968 se
1192 1923 1245 1968 in
1278 1921 1447 1969 cilicia
1481 1924 1637 1980 gestas
1672 1923 1722 1969 et
1744 1921 1950 1967 maxime
1986 1921 2191 1968 Pinden-

403 2004 489 2050 issi
525 2002 691 2062 oppidi
723 2000 1177 2048 Eleutherocilicum
1203 2000 1515 2046 munitissimi
1548 2000 1948 2060 expugnationem
1980 2000 2192 2058 exponit.

403 2082 560 2128 Addit
604 2080 665 2126 de
709 2078 1001 2125 abstinentia
1059 2092 1160 2138 sua,
1211 2079 1273 2124 de
1320 2077 1638 2124 Ariobarzane
1683 2091 1771 2124 sna
1811 2092 1954 2136 opera
1986 2092 2195 2136 -regnum

405 2161 666 2217 obtinente,
695 2157 756 2204 de
773 2158 926 2204 Bruto
949 2171 978 2202 a
1002 2171 1052 2204 se
1077 2157 1298 2213 excitatO,
1324 2156 1384 2202 de
1406 2156 1582 2202 litteris
1604 2157 1807 2202 Romam
1823 2156 2015 2215 publice
2035 2156 2096 2202 de
2117 2156 2195 2202 his

405 2236 545 2284 rebus
578 2236 723 2294 gestis
756 2235 1020 2292 mittendis,
1052 2234 1112 2281 de
1145 2237 1280 2281 metu
1312 2247 1373 2280 ne
1406 2234 1499 2279 sibi
1532 2234 1778 2293 provincia
1809 2236 2103 2293 prorogetur,
2133 2235 2195 2280 de

405 2314 546 2362 rebus
569 2313 782 2369 urbanis,
809 2313 866 2358 de
900 2311 1075 2370 quibus
1099 2311 1321 2358 omnibus
1342 2325 1429 2371 per
1451 2310 1759 2370 Philogenem
1780 2311 2008 2358 libertum
2041 2311 2197 2359 Attici

407 2393 653 2440 certiorem
676 2404 726 2436 se
755 2390 938 2436 factum
962 2390 1146 2448 scribit,
1175 2389 1285 2435 dein
1308 2389 1368 2434 de
1400 2387 1543 2436 rebus
1576 2388 1892 2435 familiaribus
1925 2403 1981 2434 ac
2010 2388 2193 2435 domes-

405 2469 530 2517 ticis.
613 2467 802 2526 Scripta
835 2466 1039 2526 epistola
1072 2469 1146 2514 est
1183 2467 1237 2512 in
1270 2467 1438 2513 castris
1471 2466 1535 2512 ad
1569 2466 1905 2513 Pindenissum
1938 2467 2083 2514 tertio
2116 2467 2195 2514 die

407 2547 803 2596 Saturnaliorum.

513 2689 562 2746 1.
608 2685 994 2744 Saturnalibus
1011 2703 1172 2742 mane
1193 2702 1252 2741 se
1268 2684 1407 2740 mihi
1425 2683 1830 2741 Pindenissitae
1846 2684 2189 2756 dediderunt,

407 2788 644 2859 septimo
685 2790 743 2842 et
783 2783 1237 2856 quinquagesimo
1276 2781 1381 2854 die,
1413 2787 1706 2853 postquam
1748 2799 2061 2854 oppugnare
2102 2799 2193 2838 eos

408 2884 698 2956 coepimus.
787 2881 912 2952 Qui,
953 2879 1201 2936 malum!
1250 2879 1347 2936 isti
1395 2878 1841 2936 Pindenissitae?
1887 2879 1983 2952 qui
2026 2880 2197 2937 sunt?

407 2980 656 3052 inquies:
707 2996 905 3035 nomen
954 2976 1144 3033 audivi
1191 2993 1509 3048 numquam.
1591 2976 1739 3045 Quid
1786 2993 1913 3048 ergo
1960 2975 2197 3034 faciam?

409 3095 543 3132 num
576 3075 733 3148 potui
773 3073 1023 3130 Ciliciam
1060 3071 1339 3129 Aetoliam
1376 3076 1475 3129 aut
1516 3071 1897 3129 Macedoniam
1934 3071 2196 3130 reddere?

412 3175 536 3230 Hoc
587 3173 700 3229 iam
748 3172 826 3228 sic
879 3170 1098 3242 habete,
1139 3188 1241 3228 nec
1288 3170 1391 3227 hoc
1446 3170 1688 3227 exercitu
1735 3188 1834 3227 nec
1888 3169 1979 3227 hic
2034 3174 2194 3226 tanta

410 3269 630 3342 negotia
670 3269 786 3340 geri
828 3268 1085 3340 potuisse.
1173 3266 1328 3336 Quae
1370 3283 1629 3338 cognosce
1674 3261 1732 3320 ἐν
1759 3257 2013 3340 ἐπιτομῇ.
2100 3264 2193 3322 Sic
