2434 3734
860 254 922 305 v,
961 242 1132 324 (ΛΠ.
1171 254 1212 304 1.
1254 244 1340 325 17)
1972 261 1998 310 7

211 416 417 474 tionem
446 414 772 488 provinciae,
805 430 904 470 nec
929 417 1154 470 tantum
1189 411 1579 486 intellegebam
1608 414 1659 470 ei
1696 431 1813 472 esse
1840 414 2005 474 offen-

207 513 392 585 sionis,
441 514 713 583 quantum
766 508 986 566 litterae
1034 512 1164 567 tuae
1211 509 1579 582 declarabant,
1632 528 1731 568 nec
1780 515 2003 568 tantum

205 608 574 683 proficiebam,
616 611 887 681 quantum
925 605 1194 664 volebam.
1300 608 1351 665 2.
1401 606 1511 665 Sed
1553 611 1739 665 tamen
1773 607 1877 666 hoc
1916 626 2005 667 me

206 708 326 780 ipse
375 704 707 777 consolabar,
755 703 904 778 quod
949 721 1060 761 non
1107 703 1435 761 dubitabam
1480 705 1615 778 quin
1664 709 1723 764 te
1769 706 1864 762 ille
1905 712 2005 764 aut

207 803 546 876 Dyrrhachii
571 808 670 860 aut
697 804 757 860 in
783 802 908 860 istis
949 801 1082 860 locis
1109 802 1328 874 uspiam
1348 804 1569 860 visurus
1596 809 1755 862 esset.
1843 804 2005 875 Quod

205 922 336 962 cum
376 901 681 973 accidisset,
712 898 1052 958 confidebam
1081 917 1144 956 ac
1187 899 1325 957 mihi
1365 917 1739 972 persuaseram
1780 902 1898 959 fore
1940 907 2005 960 ut

205 1000 394 1058 omnia
433 999 782 1072 placarentur
822 997 968 1053 inter
1008 1014 1108 1053 vos
1150 1014 1262 1053 non
1301 996 1465 1054 modo
1504 1015 1753 1056 sermone
1794 1017 1858 1057 ac
1898 999 2004 1057 dis-

207 1097 513 1172 putatione,
544 1095 642 1152 sed
669 1099 964 1166 conspectu
991 1093 1112 1166 ipso
1139 1111 1539 1167 congressuque
1565 1099 1765 1154 vestro,
1853 1096 2003 1154 Nam

207 1199 420 1270 quanta
459 1194 535 1251 sit
573 1193 634 1250 in
662 1191 872 1262 Quinto
912 1191 1082 1248 tratre
1123 1209 1247 1250 meo
1289 1192 1535 1264 comitas,
1568 1197 1778 1266 quanta
1817 1193 2008 1252 iucun-

207 1294 372 1364 ditas,
414 1308 582 1364 quam
623 1290 806 1347 mollis
843 1290 1060 1346 animus
1101 1289 1172 1346 ad
1199 1291 1314 1347 acci
1352 1290 1514 1348 ienda
1612 1295 1671 1348 et
1806 1290 1874 1348 de
1944 1309 2430 1400 W<

207 1391 410 1449 endam
450 1387 818 1457 offensionem,
850 1385 990 1442 nihil
1030 1308 1372 1444 affli‘et‘ffi}
1552 1289 1999 1460 ,Ἧιῖιὲἒΐὶἓῒῂ

207 1487 457 1544 scribere.
546 1484 656 1542 Sed
682 1483 884 1542 accidit
912 1484 1367 1557 perincommode,
1402 1486 1548 1559 quod
1576 1503 1703 1543 eum
1730 1504 2003 1560 nusquam

206 1585 416 1643 vidisti.
503 1581 700 1640 Valuit
743 1582 889 1639 enim
931 1580 1072 1654 plus,
1103 1583 1251 1654 quod
1294 1588 1413 1640 erat
1452 1583 1537 1640 illi
1578 1601 1687 1641 non
1729 1583 2005 1642 nullorum

207 1681 456 1739 artificiis
498 1679 850 1752 inculcatum,
893 1695 1058 1751 quam
1100 1684 1200 1736 aut
1240 1679 1481 1738 officium
1521 1685 1620 1738 aut
1661 1681 2005 1739 necessitudo

207 1785 308 1836 aut
335 1794 490 1834 amor
509 1778 696 1834 vester'
713 1775 808 1832 ille
828 1775 1111 1848 pristinus,
1137 1777 1235 1848 qui
1261 1776 1558 1849 plurimum
1583 1778 1764 1836 valere
1790 1778 2000 1837 debuit.

209 1879 262 1936 3.
309 1877 499 1948 Atque
539 1873 704 1930 huius
757 1873 1088 1930 incommodi
1143 1873 1306 1946 culpa
1352 1875 1450 1932 ubi
1504 1876 1742 1933 resideat
1788 1877 2005 1934 facilius

206 1991 434 2049 possum
461 1972 774 2030 existimare
801 1987 969 2043 quam
993 1965 1539 2096 chssssQor
1578 1974 1725 2030 enim
1753 1991 1837 2044 ne,
1869 1875 2343 2078 &W

207 2071 503 2131 defendam
525 2087 694 2153 Q,
725 2085 836 2125 non
862 2085 1083 2141 parcam
1125 2069 1256 2148 Q
1335 2069 1392 2126 N
1394 2039 1591 2150 ansffio
1631 2070 1906 2150 intellego,
1939 2078 2015 2158 Q
2051 2034 2123 2138 Ρ
2138 2035 2395 2166 0*βῆ
2428 2105 2430 2146 5

207 2168 350 2227 nihil
379 2185 414 2224 a
440 2165 756 2224 domesticis
782 2164 1028 2228 vulneris
1054 2165 1267 2222 factum
1295 2166 1385 2238 sit,
1418 2166 1559 2223 illud
1586 2167 1823 2241 quidem,
1856 2169 2004 2242 quod
2388 2157 2431 2248 ‘¹3

207 2271 343 2338 erat,
389 2283 482 2323 eos
522 2268 670 2321 certe
709 2280 902 2320 sanare
942 2263 1203 2335 potuisse.
1292 2263 1403 2320 Sed
1444 2263 1670 2321 huiusce
1711 2266 1791 2322 rei
1830 2267 2005 2323 totius

211 2365 427 2435 vitium,
459 2361 608 2436 qnod
640 2360 926 2433 aliquanto
963 2361 1132 2418 etiam
1170 2361 1343 2418 latius
1370 2367 1528 2434 patet
1566 2381 1735 2436 quam
1762 2363 2385 2478 videtumffl

206 2461 485 2538 praesenti
527 2459 632 2516 tibi
674 2459 1014 2516 commodius
1055 2439 1417 2549 exponamss
1432 2460 1483 2562 4:
1532 2461 1620 2562 ΒΞ
1664 2462 1732 2526 115⁰
1780 2462 1999 2534 litteris,
2025 2493 2116 2544 sc)
2154 2493 2421 2641 “W

207 2580 348 2636 quas
377 2560 450 2617 ad
485 2564 544 2616 te
571 2556 958 2616 Thessalonica
983 2559 1153 2630 misit,
1185 2563 1245 2616 et
1283 2559 1351 2616 de
1378 2559 1735 2636 sgffinonibus,
1769 2578 1907 2632 quos
1934 2560 2005 2618 ab
2086 2587 2094 2594 ·

206 2659 306 2715 illo
326 2656 619 2715 et-Romae
640 2654 790 2728 apud
811 2655 1014 2712 amicos
1041 2661 1170 2712 tuos
1191 2659 1251 2712 et
1278 2656 1335 2711 in
1363 2655 1561 2713 itinere
1577 2640 1799 2713 habitos
1818 2661 2000 2730 putas,

209 2755 408 2829 ecquid
439 2757 664 2810 tantum
693 2747 886 2810 causae
913 2752 988 2808 sit
1030 2752 1235 2825 ignoro,
1268 2752 1365 2809 sed
1392 2753 1570 2809 omnis
1611 2753 1670 2809 in
1699 2758 1799 2810 tua
1823 2755 2005 2827 posita

208 2859 294 2912 est
314 2851 668 2911 humanitate
689 2850 828 2907 mihi
848 2867 971 2922 spes
991 2849 1156 2906 huius
1175 2849 1443 2908 levandae
1463 2851 1761 2909 molestiae.
1835 2851 1893 2909 N
1894 2870 2001 2924 am,

207 2954 256 3010 si
283 2954 369 3009 ita
395 2949 672 3019 statueris,
697 2952 756 3005 et
783 2946 1080 3004 irritabiles
1101 2948 1315 3004 animos
1337 2965 1454 3004 esse
1482 2947 1817 3021 optimorum
1846 2967 2005 3024 saepe

207 3050 498 3108 hominum
539 3050 598 3103 et
639 3044 856 3102 eosdem
893 3043 1204 3116 placabiles,
1238 3050 1297 3102 et
1337 3063 1453 3103 esse
1494 3047 1635 3103 hanc
1676 3047 2001 3121 agilitatem,

207 3153 273 3217 ut
329 3146 415 3204 ita
470 3144 666 3214 dicam,
727 3141 1128 3215 mollitiamque
1193 3146 1426 3199 naturae
1480 3142 1800 3217 plerumque
1854 3146 2005 3204 boni-

210 3244 363 3314 tatis,
395 3245 470 3313 et,
508 3240 569 3296 id
610 3239 757 3312 quod
799 3243 967 3312 caput
1007 3244 1108 3309 est,
1141 3239 1301 3296 nobis
1342 3240 1487 3296 inter
1520 3257 1619 3297 nos
1661 3247 1849 3299 nostra
1888 3243 2005 3301 sive
