2434 3734
871 273 956 324 m.
992 260 1164 341 (Arm.
1202 272 1323 323 ΧΠ.
1363 258 1418 342 a)
1974 274 2038 323 89

251 427 396 485 Veni
435 428 621 501 igitur,
651 428 700 484 si
727 428 815 484 vir
854 446 927 499 ee,
960 433 1018 485 et
1055 428 1203 486 disce
1244 446 1280 485 a
1305 446 1393 485 me
1434 424 1875 504 προλεγομένοις,
1902 446 2041 502 quas

250 526 500 599 quaeris:
543 526 650 583 etsi
691 543 785 583 sus
814 526 1140 584 Minervam.
1232 527 1284 585 4.
1334 526 1442 585 Sed
1471 544 1581 600 quo
1622 526 1803 596 modo,
1829 527 2034 586 videro.

250 622 313 681 Si
359 623 768 682 aestimationes
816 628 944 681 tuas
991 624 1228 683 vendere
1271 643 1382 682 non
1436 630 1595 698 potes
1647 642 1825 698 neque
1872 624 2040 682 ollam

247 721 594 779 denariorum
661 722 904 796 implere,
969 722 1207 780 Romam
1276 723 1384 781 tibi
1452 721 1863 797 remigrandum
1932 729 2033 782 est.

247 819 437 877 Satius
465 824 550 877 est
577 819 668 877 hic
695 820 968 879 cruditate
996 839 1163 894 quam
1190 822 1320 879 istic
1356 821 1516 881 fame.
1603 821 1782 879 Video
1810 826 1867 879 te
1893 821 2039 879 bona

245 916 582 989 perdidisse:
638 935 796 991 spero
843 919 982 976 item
1036 919 1166 977 istic
1220 919 1519 977 familiares
1574 924 1717 978 tuoe.
1828 919 2039 977 Actum

244 1015 418 1089 igitur
458 1016 528 1074 de
570 1020 630 1074 te
671 1022 772 1089 est,
805 1017 913 1075 nisi
956 1018 1225 1091 provides.
1307 1018 1476 1077 Potes
1519 1017 1671 1075 mulo
1712 1018 1837 1089 isto,
1874 1035 2037 1090 quem

242 1112 354 1170 tibi
392 1113 668 1187 reliquum
705 1114 842 1172 dicis
879 1132 1012 1188 esse,
1044 1116 1305 1189 quoniam
1346 1114 1690 1173 cantherium
1732 1115 2033 1187 comedisti,

243 1211 483 1269 Romam
510 1212 750 1285 pervehi.
833 1212 982 1271 Sella
1020 1214 1128 1271 tibi
1155 1214 1263 1271 erit
1289 1214 1349 1270 in
1387 1214 1521 1271 ludo
1549 1202 1834 1287 tamquam
1871 1212 2039 1287 hypo-

245 1308 524 1367 didascalo
550 1310 836 1383 proxima:
877 1329 999 1369 eam
1026 1311 1290 1384 pulvinus
1317 1317 1593 1385 sequetur.

596 1642 690 1700 LI.
731 1643 830 1700 ΤΟ
870 1642 1207 1702 ATTIOUS
1253 1642 1417 1722 (A‘rr.
1466 1660 1574 1703 xn.
1626 1642 1686 1722 6)

341 1810 803 1869 TUSCULANUM,
843 1811 1035 1861 A.U.c.
1073 1808 1202 1871 708;
1249 1812 1367 1861 B.c.
1409 1812 1468 1860 46
1490 1828 1503 1872 ;
1549 1813 1687 1861 AET.
1730 1812 1850 1861 CIC.
1888 1814 1951 1861 60

325 1963 398 2010 De
430 1961 622 2022 negotio
644 1961 879 2021 Caeliano,
909 1961 970 2009 de
1001 1962 1319 2033 Tyrannionis
1346 1963 1555 2023 quodam
1588 1963 1727 2021 libro,
1755 1964 1816 2011 de
1839 1965 2036 2013 Oratore

242 2054 346 2100 suo,
375 2041 436 2087 de
458 2040 673 2098 Caesare,
700 2039 759 2085 de
781 2039 973 2087 Atticae
995 2038 1291 2087 valetudine.

351 2179 398 2237 1.
440 2178 529 2236 De
559 2176 761 2249 Caelio,
785 2177 930 2250 vide,
960 2196 1178 2251 quaeso,
1210 2196 1281 2236 ne
1307 2197 1448 2252 quae
1474 2179 1671 2237 lacuna
1696 2182 1772 2238 sit
1797 2181 1858 2238 in
1884 2200 2031 2241 auro,

244 2276 365 2349 Ego
392 2275 504 2333 ista
542 2292 654 2332 non
689 2275 835 2334 novi.
923 2274 1033 2333 Sed
1073 2281 1221 2333 certe
1246 2276 1307 2334 in
1348 2276 1563 2335 collubo
1590 2282 1677 2336 est
1718 2278 2037 2339 detrimenti

242 2375 398 2432 satis,
486 2375 616 2431 Huc
676 2391 874 2430 aurum
927 2374 978 2430 si
1034 2374 1247 2431 accedit
1288 2418 1302 2432 .
1349 2419 1364 2434 .
1411 2420 1425 2434 .
1469 2375 1566 2433 sed
1621 2376 1757 2449 quid
1810 2377 2039 2451 loquor?

244 2473 330 2529 Tu
370 2470 602 2529 videbis.
689 2470 881 2528 Habes
910 2470 1182 2543 Hegesiae
1208 2489 1398 2545 genus,
1430 2472 1578 2545 quod
1619 2473 1798 2531 Varro
1823 2475 2033 2536 laudat.

245 2572 298 2627 2.
346 2569 527 2627 Venio
567 2569 639 2626 ad
687 2569 1109 2643 Tyrannionem.
1195 2570 1310 2627 Ain
1357 2571 1462 2629 tu?
1507 2590 1701 2629 verum
1741 2572 1844 2631 hoc
1891 2574 2039 2633 fuiti

241 2668 361 2725 sine
401 2666 532 2725 mel
610 2667 691 2723 At
733 2684 832 2740 ego
873 2668 1144 2740 quotiens,
1177 2686 1304 2725 cum
1348 2686 1521 2728 essem
1565 2670 1786 2743 otiosu5‚
1820 2672 1939 2729 sine
1979 2677 2037 2730 te

241 2771 432 2823 tamen
472 2764 664 2822 nolui?
746 2764 868 2835 Quo
895 2764 1058 2822 modo
1099 2765 1204 2822 hoc
1232 2783 1361 2839 ergo
1401 2766 1557 2825 lues?
1639 2766 1769 2825 Uno
1808 2769 2031 2841 scilicet,

241 2863 292 2921 si
311 2862 451 2920 mihi
470 2862 678 2920 librum
705 2862 953 2921 miseris:
996 2863 1144 2935 quod
1164 2869 1233 2921 ut
1262 2863 1448 2936 faciae,
1474 2865 1644 2922 etiam
1672 2871 1839 2939 atque
1868 2867 2037 2925 etiam

240 2978 388 3033 roge.
477 2960 603 3018 Etsi
629 2978 718 3018 me
744 2978 854 3019 non
896 2962 1072 3034 magis
1097 2961 1241 3019 liber
1265 2963 1384 3035 ipse
1412 2962 1711 3021 delectabit
1743 2982 1911 3037 quam
1938 2971 2037 3025 tua

241 3059 538 3117 admiratio
598 3059 910 3117 delectavit.
995 3059 1140 3116 Amo
1195 3060 1343 3118 enim
1396 3056 1583 3117 πάντα
1638 3060 2033 3138 φιλειδήμονα,

241 3162 410 3231 teque
449 3158 618 3215 istam
647 3162 766 3214 tam
808 3161 1031 3215 tenuem
1076 3153 1313 3232 θεωρίαν
1353 3163 1471 3217 tam
1499 3159 1660 3217 valde
1700 3160 2031 3220 admiratum

242 3273 362 3313 esse
404 3255 634 3328 gaudeo.
721 3254 846 3311 Etsi
889 3260 989 3311 tua
1031 3255 1255 3328 quidem
1298 3263 1430 3315 sunt
1478 3258 1595 3315 eius
1641 3258 1791 3316 modi
1832 3262 2023 3319 omnia
