2434 3734
768 249 910 300 XIX.
949 235 1032 318 (Q
1071 249 1170 299 ΕΒ.
1212 249 1281 300 11.
1322 251 1385 300 ιο
1420 235 1561 320 [12])
1991 249 2051 304 37

267 406 496 463 honores
523 403 757 475 eosdem,
791 421 900 477 quo
939 403 1124 460 minus
1151 408 1339 475 togam
1368 408 1714 476 praetextam
1756 407 2053 477 quotannis

265 502 576 576 interpolet,
648 501 1048 558 decernendum
1121 499 1264 557 nihil
1346 519 1551 559 censeo.
1678 501 1795 558 Vos
1866 508 2054 560 antem

264 601 512 660 homines
538 599 765 670 nobiles,
810 599 909 672 qui
950 599 1283 656 Bostrenum
1322 603 1738 673 praetextatum
1766 617 1876 658 non
1919 602 2052 660 fere-

264 699 426 767 batis,
475 697 906 770 Commagenum
949 697 1138 755 feretis
1155 697 1176 755 ἵ
1191 697 1206 724 ’
1316 696 1508 756 Genus
1555 697 1711 755 vides
1759 702 1817 755 et
1871 698 2051 757 locum

262 796 493 855 iocandi.
581 795 770 852 Multa
808 795 926 852 dixi
968 796 1026 851 in
1067 794 1368 869 ignobilem
1408 813 1609 869 regem,
1655 797 1857 869 quibus
1898 802 2054 855 totus

265 900 350 952 est
393 893 662 967 explosus.
747 892 870 963 Quo
922 910 1120 965 genere
1174 897 1497 967 commotus,
1545 898 1614 950 ut
1655 894 1790 967 dixi,
1837 895 2053 968 Appius

264 997 447 1051 totum
491 1009 580 1049 me
623 989 986 1064 amplexatur.
1101 989 1264 1048 Nihil
1306 995 1393 1048 est
1435 992 1583 1049 enim
1625 991 1842 1048 facilius
1886 1010 2053 1065 quam

263 1091 474 1164 reliqua
500 1089 784 1147 discutere.
867 1089 976 1147 Sed
1003 1107 1116 1146 non
1156 1089 1356 1146 faciam
1383 1094 1450 1147 ut
1476 1090 1636 1148 illum
1665 1090 1954 1162 offendam,
1985 1110 2055 1150 ne

261 1189 518 1262 imploret
545 1188 712 1245 fidem
741 1187 894 1245 Iovis
937 1187 1265 1260 Hospitalis,
1298 1188 1497 1248 Graios
1539 1207 1727 1247 omnes
1769 1195 2047 1262 convocet,

261 1307 359 1361 per
386 1304 522 1360 quos
550 1303 767 1344 mecum
809 1286 868 1342 in
908 1286 1147 1359 gratiam
1189 1287 1349 1345 redit.
1437 1287 1489 1346 4.
1537 1287 1889 1360 Theopompo
1917 1290 2053 1346 satis

261 1385 537 1442 faciemus.
620 1384 708 1440 De
739 1383 970 1442 Caesare
997 1383 1217 1456 fugerat
1245 1403 1335 1442 me
1361 1384 1433 1442 ad
1462 1389 1519 1443 te
1545 1386 1795 1460 scribere.
1876 1383 2054 1444 Video

263 1483 412 1540 enim
451 1499 590 1555 quas
630 1485 698 1538 tu
739 1481 957 1539 litteras
998 1483 1347 1554 exspectaris.
1436 1483 1547 1540 Sed
1586 1483 1680 1541 ille
1722 1484 1941 1557 scripsit
1982 1485 2053 1542 ad

263 1580 517 1650 Balbum,
550 1578 874 1636 fasciculum
901 1578 1064 1636 illum
1093 1579 1468 1652 epistolarum,
1500 1581 1559 1637 in
1586 1598 1696 1653 quo
1723 1581 1905 1639 fuerat
1932 1600 2056 1640 mea

265 1683 321 1735 et
349 1676 530 1747 Balbi,
558 1681 742 1734 totum
770 1677 878 1734 sibi
906 1694 1053 1750 aqua
1090 1677 1378 1735 madidum
1420 1678 1699 1735 redditum
1728 1697 1861 1752 esse,
1892 1685 1959 1737 ut
1984 1699 2054 1738 ne

260 1776 402 1834 illud
429 1775 654 1848 quidem
681 1776 836 1844 sciat,
865 1793 1044 1834 meam
1071 1776 1244 1833 fuisse
1272 1777 1515 1849 aliquam
1545 1777 1853 1849 epistolam.
1942 1778 2052 1836 Sed

261 1893 330 1932 ex
391 1873 556 1930 Balbi
609 1872 844 1946 epistola
911 1891 1087 1949 panca
1139 1873 1312 1931 verba
1364 1874 1732 1945 intellexerat,
1788 1875 1859 1932 ad
1915 1894 2055 1948 quae

261 1971 541 2044 rescripsit
583 1970 672 2028 his
716 1967 932 2029 v'erbis:
1001 1975 1016 2002 ‘
1037 1971 1126 2028 De
1169 1971 1429 2029 Cicerone
1477 1977 1535 2028 te
1582 1972 1745 2030 video
1789 1973 2055 2046 quiddam

259 2069 556 2142 scripsisse,
588 2068 736 2140 quod
777 2087 877 2141 ego
916 2087 1028 2126 non
1069 2069 1355 2128 intellexi:
1398 2075 1669 2143 quantum
1697 2076 1886 2128 antem
1914 2073 2055 2128 coni-

153 2171 158 2174 ’
260 2172 454 2226 ectura
478 2166 862 2239 consequebar,
887 2167 947 2224 id
975 2173 1094 2224 crat
1115 2167 1235 2224 eius
1263 2167 1430 2238 modi,
1454 2173 1521 2224 nt
1547 2168 1725 2241 magis
1753 2169 2055 2241 optandum

260 2283 431 2340 quam
473 2264 804 2337 sperandum
845 2265 1138 2337 putarem.'
1242 2265 1295 2322 5.
1344 2266 1545 2338 Itaque
1584 2271 1778 2339 postea
1817 2268 1944 2324 misi
1984 2268 2055 2325 ad

262 2364 555 2421 Caesarem
605 2362 797 2419 eodem
851 2361 950 2418 illo
999 2362 1250 2436 exemplo
1292 2362 1525 2421 litteras.
1613 2364 1825 2422 Locum
1867 2371 2055 2423 autem

259 2461 412 2518 illius
441 2460 510 2518 de
537 2478 640 2517 sua
665 2463 910 2532 egestate
950 2478 1020 2518 ne
1063 2461 1141 2518 sis
1186 2466 1523 2533 aspernatus.
1610 2462 1703 2519 Ad
1747 2481 1911 2536 quem
1956 2482 2056 2537 ego

260 2558 514 2630 rescripsi
555 2557 698 2614 nihil
743 2575 858 2615 esse
903 2558 1052 2631 quod
1101 2558 1335 2631 posthac
1390 2577 1548 2617 arcae
1590 2565 1811 2618 nostrae
1855 2561 2057 2618 fiducia

261 2654 634 2726 conturbaret,
663 2655 878 2728 lusique
920 2656 980 2712 in
1021 2674 1086 2713 eo
1126 2674 1325 2728 genere
1352 2661 1410 2714 et
1442 2656 1790 2714 familiariter
1831 2661 1889 2714 et
1929 2676 2054 2714 cum

259 2754 550 2827 dignitate.
637 2753 811 2809 Amor
837 2759 1025 2811 autem
1053 2755 1170 2812 eius
1199 2773 1329 2828 erga
1362 2773 1461 2812 nos
1502 2755 1777 2828 perfertur
1809 2755 2056 2813 omnium

259 2851 474 2909 nuntiis
547 2848 856 2921 singularis.
985 2851 1236 2910 Litterae
1305 2852 1529 2926 quidem
1611 2853 1683 2910 ad
1764 2852 1837 2923 id,
1910 2855 2057 2926 quod

259 2953 561 3022 exspectas,
595 2946 707 3005 fere
745 2965 870 3004 cum
911 2951 1010 3006 tuo
1052 2950 1235 3007 reditu
1276 2951 1589 3023 iungentur,
1622 2949 1834 3024 reliqua
1874 2951 2057 3024 singu-

258 3048 442 3106 lorum
486 3046 703 3104 dierum
746 3045 1049 3104 scribemus
1093 3048 1164 3105 ad
1209 3052 1285 3118 te,
1333 3049 1381 3105 si
1424 3049 1590 3106 modo
1630 3048 1949 3106 tabellarios
1992 3055 2055 3109 tu

259 3145 566 3220 praebebis.
656 3143 1005 3217 Quamquam
1047 3146 1164 3202 eius
1191 3145 1343 3202 modi
1384 3145 1558 3218 frigus
1585 3146 1957 3220 impendebat,
1990 3153 2055 3206 ut

259 3262 544 3302 summum
571 3242 875 3316 periculum
904 3248 1051 3301 esset
1077 3261 1147 3300 ne
1175 3243 1359 3316 Appio
1386 3261 1516 3301 suae
1543 3245 1705 3303 aedes
1732 3251 2035 3304 urerentur.
