2434 3734
387 196 482 245 120
940 191 1143 242 nxxv.
1182 180 1352 259 (AT'r.
1392 191 1501 241 xv.
1540 177 1628 260 15)

385 351 486 405 est.
574 346 692 419 Ego
732 346 1112 404 testimonium
1153 344 1447 419 composui,
1490 344 1652 418 quod,
1695 363 1819 402 cum
1862 344 2026 416 voles,
2073 346 2168 403 ob-

385 445 705 517 signabitur.
795 443 1068 500 Nummos
1111 443 1485 517 Arpinatium,
1529 443 1580 499 si
1623 442 1684 499 L.
1727 442 1934 499 Fadius
1976 442 2173 500 aedilis

385 546 555 614 petet,
587 540 678 598 vel
705 558 892 597 omnes
919 539 1148 597 reddito.
1239 539 1357 613 Ego
1385 540 1457 596 ad
1484 544 1543 597 te
1568 539 1680 597 alia
1706 540 1939 611 epistola
1976 540 2171 613 scripsi

384 639 453 695 de
509 638 627 696 HS.
681 653 796 709 CX„
849 655 988 710 quae
1046 637 1228 694 Statio
1277 642 1611 695 curarentur.
1718 636 1781 694 Si
1834 654 1961 709 ergo
2014 642 2173 709 petet

386 736 606 809 Fadius,
659 735 709 792 ei
751 734 877 792 volo
923 735 1093 807 reddi,
1153 739 1369 807 praeter
1414 733 1650 791 Fadium
1697 734 1917 791 nemini.
1999 734 2170 807 Apud

385 850 473 890 me
520 832 656 889 item
710 836 846 905 puto
902 832 1227 905 depositum.
1329 830 1395 887 Id
1450 832 1641 903 scripsi
1695 831 1768 888 ad
1822 830 2048 888 Erotem
2102 836 2173 888 ut

383 930 649 988 redderet.
758 930 810 987 2.
858 929 1128 1001 Reginam
1183 928 1290 986 odi.
1397 927 1468 985 Id
1522 946 1610 985 me
1662 928 1781 985 iure
1835 928 2010 986 facere
2063 930 2173 986 scit

385 1044 612 1099 sponsor
664 1027 1054 1099 promissorum
1122 1026 1241 1083 eius
1310 1025 1693 1098 Hammonius,
1752 1043 1893 1099 quae
1946 1026 2171 1099 quidem

386 1129 544 1181 erant
587 1120 888 1199 φιλόλογα
929 1128 987 1181 et
1028 1122 1319 1195 dignitatis
1359 1141 1530 1196 meae,
1573 1128 1640 1179 ut
1680 1123 1771 1179 vel
1811 1124 1870 1179 in
1917 1125 2175 1181 contione

386 1220 563 1277 dicere
635 1219 908 1278 auderem.
1035 1219 1208 1277 Saran
1282 1224 1486 1292 autem,
1566 1224 1949 1293 praeterquam
2022 1221 2171 1294 quod

385 1318 655 1375 nefarium
683 1316 977 1388 hominem,
1011 1317 1239 1389 cognovi
1265 1321 1547 1389 praeterea
1572 1316 1630 1373 in
1658 1334 1747 1374 me
1774 1322 2167 1376 contumacem.

386 1416 569 1474 Semel
605 1433 732 1473 eum
759 1415 979 1472 omnino
1021 1414 1171 1471 domi
1212 1431 1365 1471 meae
1404 1414 1535 1471 vidi.
1620 1413 1762 1471 Cum
1805 1411 2174 1489 φιλοφρόνως

386 1530 456 1569 ex
510 1529 573 1568 eo
629 1529 942 1583 quaererem
997 1511 1133 1583 quid
1187 1528 1325 1584 opus
1380 1516 1539 1583 esset,
1599 1511 1855 1569 Atticum
1908 1530 1967 1569 se
2027 1512 2174 1570 dixit

387 1626 656 1681 quaerere.
760 1607 1086 1681 Superbiam
1130 1613 1318 1665 autem
1361 1609 1534 1681 ipsius
1577 1610 1795 1680 reginae
1858 1627 1984 1667 cum
2026 1616 2173 1667 esset

387 1711 541 1763 trans
579 1705 818 1762 Tiberim
847 1706 906 1761 in
933 1704 1124 1777 hortis,
1158 1722 1581 1763 commemorare
1607 1706 1726 1762 sine
1762 1722 1961 1777 magno
1988 1705 2173 1764 dolore

386 1821 495 1860 non
534 1821 773 1876 possum.
860 1800 1022 1858 Nihil
1062 1802 1236 1875 igitur
1277 1820 1403 1860 cum
1442 1802 1583 1874 istis,
1625 1819 1725 1859 nec
1766 1806 1883 1858 tam
1924 1802 2173 1860 animum

387 1919 474 1959 me
513 1919 681 1974 quam
721 1900 818 1956 vix
857 1900 1201 1957 stomachum
1243 1899 1443 1958 habere
1484 1899 1840 1957 arbitrantur.
1944 1898 1995 1957 3.
2042 1900 2175 1957 Pro-

385 1998 678 2056 fectionem
725 2015 920 2069 meam,
968 2002 1034 2053 ut
1081 1997 1260 2067 video,
1310 1997 1494 2054 Erotis
1542 1996 1876 2069 dispensatio
1918 1997 2170 2070 impedit.

389 2092 536 2153 Nam
563 2112 689 2151 cum
717 2112 785 2151 ex
821 2093 1061 2166 reliquis,
1094 2111 1236 2166 quae
1275 2094 1455 2151 Nonis
1497 2093 1783 2167 Aprilibus
1824 2093 1971 2165 fecit,
2002 2095 2173 2151 abun-

387 2192 516 2249 dare
544 2191 790 2261 debeam,
821 2208 982 2263 cogor
1019 2192 1279 2265 mutuari,
1310 2191 1565 2263 quodque
1606 2208 1675 2247 ex
1713 2190 1838 2247 istis
1878 2190 2174 2249 fructuosis

385 2288 548 2346 rebus
594 2292 876 2361 receptum
924 2292 1025 2358 est,
1077 2288 1136 2345 id
1183 2306 1285 2361 ego
1333 2288 1403 2345 ad
1446 2287 1587 2345 illud
1634 2287 1825 2344 fanum
1869 2288 2171 2361 sepositum
2242 2338 2249 2345 .

385 2384 667 2458 putabam.
775 2383 884 2441 Sed
940 2384 1074 2441 haec
1130 2384 1318 2440 Tironi
1373 2384 1651 2455 mandavi,
1710 2403 1873 2457 quem
1927 2386 1997 2441 ob
2051 2404 2173 2442 eam

387 2500 606 2541 causam
655 2481 890 2538 Romam
935 2481 1078 2539 misi.
1186 2481 1265 2538 Te
1312 2481 1465 2537 nolui
1512 2482 1841 2554 impeditum
1887 2482 2167 2554 impedire.

388 2580 440 2638 4.
488 2578 677 2637 Cicero
719 2582 904 2635 noster
945 2596 1053 2650 quo
1093 2577 1393 2635 modestior
1432 2582 1533 2650 est,
1580 2596 1643 2635 eo
1684 2596 1773 2636 me
1812 2579 1987 2651 magis
2029 2596 2172 2635 com-

385 2681 587 2734 movet.
674 2676 766 2732 Ad
793 2693 881 2731 me
910 2675 1055 2731 enim
1093 2673 1161 2731 de
1203 2674 1307 2731 hac
1347 2693 1405 2731 re
1448 2674 1588 2731 nihil
1630 2676 1864 2747 scripsit,
1896 2675 1968 2731 ad
2009 2692 2172 2747 quem

386 2774 648 2830 nimirum
700 2772 1052 2846 potissimum
1107 2770 1314 2829 debuit.
1425 2771 1658 2845 Scripsit
1711 2771 1815 2829 hoc
1868 2777 2055 2829 autem
2102 2774 2170 2829 ad

388 2872 658 2942 Tironem,
721 2870 828 2927 sibi
881 2874 1009 2942 post
1077 2868 1204 2925 Kal.
1262 2869 1481 2941 Apriles
1498 2903 1578 2911 —
1594 2869 1673 2926 sic
1727 2870 1873 2926 enim
1928 2886 2172 2925 annuum

388 2974 608 3042 tempus
649 2966 1062 3025 confici—nihil
1106 2966 1301 3023 datum
1344 2984 1493 3023 esse:
1550 2966 1656 3023 tibi
1696 2984 1794 3038 pro
1836 2970 1935 3023 tua
1973 2971 2176 3023 natura

389 3084 602 3139 semper
628 3066 896 3140 placuisse
924 3070 1090 3137 teque
1117 3064 1459 3121 existimasse
1487 3064 1599 3119 scio
1626 3063 1684 3119 id
1712 3063 1881 3119 etiam
1909 3062 1981 3119 ad
2001 3062 2175 3134 digni-

390 3168 566 3221 tatem
593 3181 773 3219 meam
803 3163 1089 3235 pertinere,
1122 3179 1249 3218 eum
1278 3178 1386 3217 non
1414 3158 1579 3216 modo
1607 3159 1907 3217 liberaliter
1934 3178 1968 3216 a
1994 3160 2168 3232 nobiS,
