2434 3734
797 278 1095 329 xxxvm.
1133 265 1303 347 (ATT.
1344 278 1432 329 v1.
1471 266 1527 349 s)
1924 280 1933 290 ·
1994 282 2053 329 σο

264 440 358 492 tus
386 452 510 491 sum
539 432 808 503 felicitate
836 432 1209 505 navigationis
1237 436 1382 505 tuae,
1415 434 1832 505 opportunitate
1862 432 2052 505 Piliae,

264 534 434 591 etiam
462 531 682 589 hercule
709 549 958 588 sermone
986 530 1233 588 eiusdem
1260 530 1329 588 de
1358 531 1612 603 coniugio
1640 531 1856 588 Tulliae
1883 550 2049 590 meae.

267 630 319 688 2.
365 630 636 686 Batonius
664 633 851 685 autem
878 645 1057 685 meras
1099 633 1336 686 terrores
1362 628 1435 685 ad
1470 646 1560 685 me
1588 629 1785 686 attulit
1814 629 2056 686 Caesari-

264 746 412 799 anos,
445 744 570 784 cum
599 725 779 799 Lepta
806 726 976 783 etiam
1003 726 1165 799 plura
1199 722 1421 783 locutus
1448 732 1551 799 est,
1574 745 1743 800 spero
1771 726 1926 801 falsa,
1958 727 2057 785 sed

265 831 410 884 certe
451 824 750 897 horribilia,
782 812 1084 881 exercitum
1126 822 1281 880 nullo
1321 823 1487 881 modo
1526 824 1899 897 dimissurum,
1932 842 2056 901 cum

263 923 362 980 illo
381 926 658 995 praetores
679 921 1013 993 designatos,
1041 920 1297 978 Cassium
1318 921 1604 978 tribunum
1634 921 1728 993 pl.,
1754 921 2056 978 Lentulum

264 1020 541 1079 consulem
570 1020 762 1092 facere,
789 1018 1053 1092 Pompeio
1080 1018 1139 1075 in
1169 1018 1355 1075 animo
1376 1036 1495 1076 esse
1516 1019 1710 1077 urbem
1732 1019 2070 1091 relinquere..

267 1120 318 1179 3.
366 1117 477 1177 Sed
520 1116 657 1174 heus
701 1121 782 1189 tu,
813 1134 949 1172 num
994 1116 1131 1190 quid
1172 1116 1406 1174 moleste
1450 1118 1559 1174 fers
1604 1116 1672 1174 de
1714 1116 1828 1188 illo,
1860 1118 1959 1190 qui
1999 1135 2057 1173 se

263 1217 406 1274 solet
448 1216 720 1273 anteferre
763 1219 963 1287 patruo
1011 1216 1212 1273 sororis
1256 1220 1389 1273 tuae
1437 1216 1577 1274 filii?
1658 1216 1741 1273 At
1781 1234 1815 1272 a
1854 1215 2057 1289 quibus

264 1315 484 1373 victus?
565 1314 676 1372 Sed
723 1312 796 1371 ad
842 1330 973 1372 rem.
1062 1314 1115 1372 4.
1163 1314 1284 1371 Nos
1332 1315 1535 1372 etesiae
1576 1313 2057 1373 vehementissime

264 1413 571 1471 tardarunt.
652 1410 917 1468 Detraxit
985 1426 1088 1467 xx.
1145 1411 1295 1483 ipsos
1350 1410 1469 1467 dies
1531 1411 1704 1468 etiam
1759 1411 2057 1484 aphractus

266 1510 623 1568 Rhodiorum.
727 1508 854 1565 Kal.
904 1506 1125 1566 Octobr.
1175 1507 1395 1581 Epheso
1443 1508 1868 1566 conscendentes
1916 1508 2058 1565 hane

265 1606 554 1680 epistolam
582 1604 835 1662 dedimus
862 1604 927 1662 L.
953 1603 1257 1676 Tarquitio,
1289 1604 1455 1661 simul
1484 1623 1514 1661 e
1542 1609 1709 1677 portu
1735 1605 2054 1679 egredienti,

265 1706 362 1762 sed
416 1703 727 1776 expeditius
781 1702 1086 1774 naviganti.
1195 1702 1315 1759 Nos
1382 1702 1724 1759 Rhodiorum
1780 1704 2058 1776 aphractis

234 1836 238 1841 -
265 1802 568 1873 ceterisque
643 1800 822 1871 longis
899 1798 1133 1855 navibus
1216 1799 1655 1872 tranquillitates
1731 1803 2058 1873 aucupaturi

265 1917 516 1957 eramus:
559 1898 643 1955 ita
683 1902 871 1954 tamen
912 1896 1361 1969 properabamus,
1389 1902 1455 1954 ut
1482 1915 1595 1954 non
1634 1903 1821 1970 posset
1860 1900 2051 1970 magis.

267 1998 321 2056 5.
365 1997 454 2054 De
495 1994 825 2053 raudusculo
867 1994 1174 2052 Puteolano
1215 1999 1451 2067 gratum.
1534 1997 1701 2053 Nunc
1742 1997 1911 2054 velim
1951 1998 2058 2055 dis-

265 2096 434 2169 picias
461 2113 548 2151 res
587 2094 882 2166 Romanas,
913 2092 1105 2149 videas
1132 2091 1270 2166 quid
1310 2092 1469 2150 nobis
1496 2093 1566 2151 de
1606 2094 1889 2167 triumpho
1917 2097 2059 2169 cogi-

187 2222 192 2225 ·
265 2192 499 2251 tandum
545 2194 723 2264 putes,
770 2190 843 2248 ad
891 2205 1056 2262 quem
1104 2190 1269 2246 amici
1316 2208 1405 2247 me
1444 2195 1661 2249 vocant.
1766 2191 1901 2265 Eg0,
1949 2194 2057 2250 nisi

266 2289 516 2360 Bibulus,
548 2288 660 2359 qui,
691 2287 826 2344 dum
853 2304 997 2343 unus
1025 2286 1202 2363 hostis
1240 2288 1299 2343 in
1328 2287 1491 2361 Syria
1516 2288 1640 2359 fuit,
1674 2288 1870 2360 pedem
1898 2294 2059 2362 porta

265 2405 376 2444 non
418 2386 544 2458 plus
588 2383 793 2442 extulit
836 2401 1004 2457 quam
1046 2385 1196 2441 domi
1242 2384 1406 2441 domo
1444 2403 1559 2459 sua,
1602 2385 1947 2444 adniteretur
1988 2388 2056 2445 de

266 2484 564 2556 triumphO,
623 2499 799 2556 aequo
853 2483 1038 2539 animo
1104 2500 1297 2541 essem.
1399 2481 1457 2539 N
1460 2502 1567 2540 unc
1622 2502 1753 2541 vero
1808 2481 2057 2559 αἰσχρὸν

265 2578 500 2639 σιωπᾶν.
589 2579 701 2637 Sed
741 2580 964 2652 explora
1003 2597 1120 2637 rem
1161 2584 1359 2651 totam,
1388 2584 1489 2652 ut‚.
1505 2598 1614 2653 quo
1651 2580 1741 2637 die
1782 2584 2056 2654 congressi

266 2682 482 2751 erimus,
529 2675 818 2734 consilium
860 2694 1052 2749 capere
1100 2678 1387 2749 possimus.
1476 2677 1579 2735 Sat
1620 2678 1815 2748 multa,
1862 2680 1957 2752 qui
1999 2685 2057 2737 et

265 2792 611 2851 properarem
659 2778 717 2830 et
771 2774 823 2830 ei
877 2774 1096 2831 litteras
1143 2774 1350 2847 darem,
1402 2775 1499 2847 qui
1546 2781 1646 2831 aut
1692 2792 1908 2831 mecum
1956 2783 2055 2835 aut

265 2873 452 2947 paullo
519 2877 651 2929 ante
714 2876 982 2929 venturus
1049 2876 1210 2929 esset.
1327 2871 1517 2929 Cicero
1586 2873 1692 2928 tibi
1760 2852 2053 2945 plurimam

267 2971 503 3027 salutem
551 2968 703 3025 dicit.
791 2967 880 3024 Tu
927 2967 1076 3025 dices
1131 2968 1420 3040 utriusque
1468 2972 1719 3025 nostrum
1766 2967 1948 3025 verbis
1997 2974 2053 3026 et

268 3067 443 3124 Piliae
470 3071 599 3123 tuae
628 3070 688 3123 et
714 3065 874 3123 filiae.
