2434 3734
411 243 472 292 52
1001 239 1164 290 XXX.
1203 227 1375 308 (ATT.
1414 239 1475 290 V.
1516 227 1603 308 15)

407 394 625 452 clavum
665 395 795 450 anni
843 393 1104 451 movebis.
1199 393 1361 451 Nihil
1414 395 1729 467 exoptatius
1770 394 2015 452 adventu
2062 415 2200 468 me0,

405 493 545 550 nihil
611 493 802 550 carius.
915 491 1024 549 Sed
1077 495 1164 549 est
1230 491 1549 548 incredibile
1610 509 1777 564 quam
1838 510 1928 549 me
1994 495 2201 566 negotii

405 589 641 647 taedeat.
743 588 875 645 Non
917 588 1123 646 habeat
1164 589 1304 646 satis
1346 607 1611 662 magnum
1654 607 1911 664 campum
1956 590 2051 647 ille
2094 593 2200 650 tibi

405 706 515 745 non
550 689 774 760 ignotus
816 704 1007 745 cursus
1050 687 1238 758 animi,
1281 692 1338 743 et
1380 686 1684 744 industriae
1728 704 1881 744 meae
1922 688 2201 760 praeclara

405 803 569 858 opera
609 783 820 842 cesset?
900 783 1132 857 Quippe.
1217 784 1318 842 Ius
1363 784 1665 842 Laodiceae
1704 803 1794 842 me
1834 785 2027 859 dicere,
2073 805 2199 845 cum

406 885 614 941 Romae
667 883 734 940 A.
797 882 1014 940 Plotius
1083 883 1271 940 dicat?
1338 887 1397 940 et
1465 901 1591 940 cum
1648 884 1953 941 exercitum
2012 891 2201 944 noster

404 982 612 1038 amicus
679 980 884 1038 habeat
951 984 1190 1052 tantum,
1264 998 1352 1037 me
1419 998 1619 1037 nomen
1692 980 1894 1038 habere
1962 981 2197 1040 duarum

403 1078 680 1152 legionum
719 1076 987 1134 exilium?
1067 1076 1323 1149 Denique
1363 1077 1499 1135 haec
1530 1095 1642 1134 non
1674 1078 1957 1137 desidero:
1999 1080 2193 1152 lucem,

403 1178 598 1247 forum,
649 1175 860 1246 urbem,
912 1175 1153 1246 domum,
1206 1192 1307 1232 vos
1362 1175 1624 1234 desidero.
1734 1175 1842 1233 Sed
1890 1177 2078 1251 feram,
2130 1185 2198 1236 ut

402 1279 608 1347 potero,
653 1274 728 1330 sit
774 1273 940 1330 modo
986 1290 1249 1330 annuum.
1357 1272 1420 1330 Si
1465 1277 1804 1345 prorogatur,
1856 1278 2044 1332 actum
2090 1281 2191 1336 est.

403 1370 613 1427 Verum
653 1369 911 1441 perfacile
950 1369 1134 1426 resisti
1174 1373 1376 1442 potest,
1414 1373 1482 1426 tu
1519 1369 1683 1426 modo
1712 1369 1921 1428 Romae
1960 1373 2051 1430 sis.
2140 1375 2191 1432 2.

405 1467 634 1537 Quaeris
661 1466 796 1538 quid
823 1465 915 1524 hic
941 1466 1143 1539 agam?
1224 1466 1318 1524 Ita
1344 1466 1531 1522 vivam
1558 1470 1625 1523 ut
1650 1468 1921 1525 maximos
1941 1476 2197 1543 sumptus

403 1565 558 1622 facio,
671 1564 906 1621 Mirifice
973 1562 1216 1622 delector
1275 1563 1380 1621 hoc
1445 1563 1723 1622 instituto.
1836 1565 2198 1625 Admirabilis

403 1661 742 1719 abstinentia
781 1678 850 1718 ex
889 1661 1194 1734 praeceptis
1236 1662 1365 1733 tuis,
1410 1665 1477 1718 ut
1516 1678 1709 1718 verear
1747 1679 1817 1718 ne
1856 1662 2010 1736 illud,
2049 1665 2197 1737 quod

405 1763 588 1816 tecum
635 1759 961 1832 permutavi,
1007 1775 1235 1815 versura
1280 1757 1421 1814 mihi
1474 1757 1797 1815 solvendum
1850 1760 1941 1818 sit.
2027 1761 2193 1835 Appii

403 1855 634 1912 vulnera
660 1872 770 1912 non
797 1855 1007 1927 refrico,
1042 1855 1139 1912 sed
1166 1860 1436 1928 apparent
1476 1873 1577 1912 nec
1604 1855 1777 1913 occuli
1803 1863 2049 1928 possunt.
2139 1859 2193 1920 3.

405 1953 525 2010 Iter
563 1951 833 2010 Laodicea
873 1952 1146 2010 faciebam
1187 1970 1237 2011 a.
1284 1951 1336 2008 d,
1378 1967 1468 2010 111.
1515 1952 1572 2008 N
1575 1971 1660 2010 on.
1708 1953 1882 2023 Sext„
1924 1972 2047 2010 cum
2094 1955 2197 2012 has

402 2051 619 2107 litteras
645 2048 863 2120 dabam,
894 2049 953 2105 in
981 2053 1162 2106 castra
1197 2049 1257 2105 in
1285 2048 1655 2120 Lycaoniam:
1696 2050 1825 2106 inde
1850 2050 1923 2106 ad
1951 2051 2195 2110 Taurum

403 2146 730 2220 cogitabam,
762 2152 827 2203 ut
859 2164 986 2204 cum
1014 2147 1343 2218 Moeragene
1384 2147 1556 2218 signis
1596 2145 1825 2218 collatis,
1871 2149 1920 2204 si
1958 2167 2191 2222 possem,

403 2245 472 2302 de
499 2261 655 2301 servo
684 2248 780 2299 tuo
808 2243 1168 2301 decernerem.

408 2361 667 2423 Clitellae
689 2361 809 2418 bovi
828 2361 1120 2436 impositae
1137 2371 1284 2435 sunt,
1303 2363 1479 2436 plane
1506 2382 1619 2420 non
1645 2371 1721 2420 est
1747 2371 1996 2420 nostrum
2018 2385 2156 2424 onus
2173 2389 2194 2424 .·

401 2483 499 2541 sed
540 2481 792 2553 feremus,
836 2481 1016 2552 modo,
1047 2482 1097 2537 si
1133 2500 1224 2538 me
1252 2499 1421 2553 amas,
1453 2482 1559 2538 sim
1602 2500 1831 2540 annuus.
1917 2482 2087 2541 Adsis
2128 2491 2197 2542 tu

403 2581 473 2639 ad
501 2586 735 2652 tempus,
767 2582 834 2635 ut
861 2582 1116 2636 senatum
1143 2582 1328 2635 totum
1356 2579 1575 2636 excites.
1657 2578 1889 2636 Mirifice
1926 2579 2195 2640 sollicitus

402 2697 542 2749 sum,
572 2675 721 2750 quod
747 2676 859 2733 iam
880 2675 977 2732 diu
1005 2676 1196 2749 ignota
1224 2680 1359 2732 sunt
1384 2675 1523 2732 mihi
1550 2675 1662 2733 ista
1681 2677 1879 2735 omnia.
1967 2677 2091 2747 Qua
2116 2697 2189 2752 re,

401 2781 468 2833 ut
495 2774 568 2831 ad
595 2778 652 2830 te
679 2778 810 2831 ante
843 2774 1048 2846 scripsi,
1082 2791 1207 2829 cum
1236 2777 1419 2830 cetera
1459 2777 1581 2830 tum
1610 2791 1697 2830 res
1721 2773 1945 2846 publica
1972 2793 2102 2832 cura
2128 2781 2193 2833 ut

402 2872 541 2930 mihi
580 2876 714 2928 nota
753 2871 843 2929 sit.
931 2870 1241 2943 Epistolam
1282 2871 1522 2928 sciebam
1569 2871 1727 2929 tarde
1768 2871 1873 2929 tibi
1914 2873 2193 2931 redditum

402 2970 487 3042 iri,
559 2967 658 3025 sed
725 2966 928 3025 dabam
996 2968 1257 3025 familiari
1330 2967 1542 3025 homini
1609 2987 1673 3026 ac
1740 2969 2056 3042 domesticO,
2125 2971 2188 3031 G.

402 3065 716 3123 Andronico
758 3063 1079 3124 Puteolano.
1165 3065 1253 3122 Tu
1288 3070 1476 3122 autem
1516 3083 1677 3139 saepe
1719 3065 1849 3123 dare
1890 3066 2192 3126 tabellariis

402 3161 818 3236 publicanorum
856 3162 1061 3233 poteris
1101 3179 1199 3235 per
1238 3162 1531 3236 magistros
1558 3162 1860 3237 scripturae
1901 3168 1959 3220 et
1999 3169 2191 3236 portus

403 3263 716 3318 nostrarum
742 3258 1086 3320 dioecesium.
