2434 3734
761 253 966 303 LXXX.
1006 244 1192 320 (EAM.
1232 250 1371 299 XVI.
1410 238 1498 318 26)
1924 249 2013 300 127

235 408 473 464 Brutum
515 406 736 479 quidem
775 407 886 462 iam
923 406 1154 479 iamque.
1239 404 1399 475 Quod
1438 404 1501 475 si,
1546 407 1613 459 ut
1652 420 1824 475 spero,
1854 402 2018 459 victis

235 504 488 561 hostibus
541 504 744 561 nostris
786 503 1062 576 veneritis,
1109 508 1297 560 tamen
1337 501 1668 559 auctoritate
1708 504 1893 558 vestra
1931 518 2019 557 res

234 602 456 677 publica
495 607 751 675 exsurget
791 607 850 659 et
889 602 947 658 in
988 602 1173 674 aliquo
1215 605 1371 659 statu
1417 600 1693 657 tolerabili
1734 600 2013 658 consistet.

237 700 385 758 Sunt
429 700 575 757 enim
623 698 914 771 permulta,
968 698 1169 771 quibus
1214 698 1321 756 erit
1364 697 1709 769 medendum,
1758 697 1927 755 etiam
1970 698 2018 754 si

236 814 322 855 res
347 796 570 870 publica
585 797 727 854 satis
746 814 864 855 esse
884 796 1165 855 videbitur
1184 795 1477 854 sceleribus
1498 794 1740 853 hostium
1766 795 2012 853 liberata.

236 894 392 953 Vale.

395 1112 666 1171 LXXIX.
716 1113 814 1170 ΤΟ
859 1112 1303 1171 TREBATIUS
1350 1112 1533 1192 (ἙΑΜ.
1579 1129 1688 1171 v11.
1738 1111 1840 1191 22)

303 1269 465 1317 Cicero
487 1284 595 1316 cum
618 1270 840 1317 Trebatio
862 1262 1046 1317 iocatu'r
1068 1270 1128 1317 de
1150 1270 1470 1317 controversia
1492 1283 1613 1329 quae
1635 1270 1939 1317 interciderat
1961 1270 2020 1318 de

237 1348 422 1394 actione
443 1346 576 1394 furti.
643 1347 814 1394 Annus
836 1361 930 1407 quo
954 1346 1156 1407 epistola
1178 1347 1357 1407 scripta
1379 1347 1444 1395 sit
1465 1347 1675 1394 incertus
1697 1350 1785 1397 est.

319 1488 579 1545 Illuseras
601 1487 718 1545 heri
739 1488 886 1544 inter
902 1486 1136 1560 scyphos
1159 1486 1305 1560 quod
1326 1486 1569 1543 dixeram
1594 1486 2019 1544 controversiam

239 1568 372 1657 esse,
418 1580 674 1658 possetne
716 1584 886 1658 heres,
929 1583 1075 1656 quod
1120 1585 1335 1641 furtum
1389 1588 1557 1641 antea
1602 1583 1812 1641 factum
1857 1589 2015 1658 esset,

239 1682 377 1739 furti
403 1687 550 1739 recte
577 1698 748 1754 agere.
810 1680 1026 1752 Itaque,
1053 1680 1158 1737 etsi
1187 1680 1413 1737 domum
1438 1680 1577 1737 bene
1603 1684 1769 1753 potus
1795 1698 2020 1754 seroque

239 1779 520 1849 redieram,
545 1782 734 1834 tamen
759 1776 820 1833 id
849 1782 1016 1850 caput
1037 1776 1135 1835 ubi
1161 1776 1297 1834 haec
1318 1778 1685 1835 controversia
1706 1782 1791 1834 est
1810 1779 2017 1849 notavi,

239 1880 297 1934 et
324 1875 660 1947 descriptum
701 1874 809 1930 tibi
848 1874 993 1942 misi,
1024 1878 1092 1930 ut
1135 1874 1301 1931 scires
1345 1875 1419 1945 id,
1451 1875 1597 1948 quod
1641 1880 1707 1932 tu
1746 1876 2021 1932 neminem

239 1974 473 2031 sensisse
513 1971 747 2041 dicebas,
781 1971 902 2028 Sex.
930 1970 1170 2043 Aelium,
1203 1971 1299 2027 M'.
1328 1972 1637 2045 Manilium,
1670 1972 1749 2030 M.
1783 1972 2017 2030 Brutum

239 2070 482 2127 sensisse.
565 2070 684 2141 Ego
712 2074 898 2125 tamen
928 2068 1225 2126 Scaevolae
1252 2074 1310 2127 et
1338 2070 1535 2127 Testae
1562 2070 1854 2128 adsentior.

327 2375 560 2435 LXXX
623 2377 686 2447 Q.
734 2377 1020 2436 oieERo
1063 2381 1159 2437 'ro
1202 2379 1386 2436 Tmo
1431 2376 1612 2457 (rm.
1652 2394 1784 2438 xv1.
1831 2377 1935 2459 26)

319 2533 374 2590 Q.
403 2532 565 2580 Cicero
599 2532 791 2577 accusat
825 2529 1124 2576 familiariter
1146 2529 1367 2577 Tironem
1401 2530 1461 2577 de
1493 2531 1841 2579 intermissione
1864 2534 2017 2581 litter-

237 2628 390 2671 arum,
417 2626 534 2673 quas
562 2626 670 2659 eum
693 2612 839 2659 etiam
875 2611 977 2657 sine
1020 2612 1301 2669 argumento
1334 2610 1396 2657 ad
1418 2624 1468 2657 se
1490 2611 1603 2659 dare
1634 2612 1782 2659 iubet.
1849 2614 2018 2661 Annus

238 2708 333 2756 quo
355 2692 558 2754 epistola
579 2693 758 2752 scripta
779 2692 844 2739 sit
865 2691 1076 2738 incertus
1099 2693 1186 2737 est.

343 2832 393 2889 1.
439 2829 741 2888 Verberavi
795 2833 854 2885 te
902 2827 1254 2900 cogitationis
1311 2829 1483 2885 tacito
1538 2829 1830 2888 dumtaxat
1899 2850 2019 2889 con-

203 2928 397 2999 ·vici0,
427 2924 575 2998 quod
615 2922 906 2980 fasciculus
950 2921 1092 2978 alter
1119 2921 1192 2978 ad
1218 2938 1309 2979 me
1345 2922 1458 2978 iam
1498 2922 1616 2980 sine
1657 2923 1770 2980 tuis
1816 2925 2019 2985 litteris

238 3016 484 3097 perlatus
526 3025 623 3078 est.
707 3020 762 3077 N
767 3037 837 3076 on
877 3024 1036 3091 potes
1077 3018 1315 3091 effugere
1356 3017 1519 3075 huius
1560 3020 1751 3094 culpae
1790 3039 2016 3094 poenam

239 3125 297 3178 te
338 3123 580 3192 patrona
649 3118 872 3200 Marcus
900 3120 986 3174 est
1013 3115 1394 3174 adhibendus:
1436 3117 1591 3190 isque
1618 3118 1715 3175 diu
1743 3123 1801 3176 et
1828 3119 2019 3177 multis

241 3215 714 3276 lucubrationibus
768 3216 1140 3271 commentata
1187 3213 1433 3271 oratione
1487 3214 1615 3272 vide
1670 3219 1737 3272 ut
1790 3217 2019 3289 probare
