2434 3734
832 264 967 317 mv.
1005 252 1190 335 (EAM.
1230 266 1321 316 lx
1358 252 1447 335 26)
1962 268 2025 317 os

33 410 215 473 ²1:50
234 422 478 512 Verrius,
523 418 821 477 familiares
861 419 962 476 tui.
1051 418 1275 476 Miraris
1316 423 1435 477 tam
1490 419 1853 478 exhilaratam
1908 438 2025 479 esse

234 520 568 598 Qui
627 517 913 576 nostram?
995 516 1144 587 Quid
1197 534 1327 589 ergo
1382 517 1617 575 faciam?
1671 523 1729 575 te
1784 518 2023 592 consulo,

234 621 332 693 qui
372 617 757 691 philosophum
811 615 986 674 audis.
1071 615 1301 689 Angar‘l
1354 616 1657 674 excruciem
1712 616 1839 674 mel
1890 618 2027 691 quid

233 715 537 789 adsequar?
595 713 742 771 Dein
859 730 897 785 q
1035 702 1144 769 sad
1189 712 1301 771 fine
1382 714 1403 768 2
1461 711 1651 786 Vivas,
1711 713 1909 787 inquis,
1967 715 2027 770 in

232 813 452 871 litteris.
562 811 655 867 An
708 828 746 884 q
1207 730 1361 866 9.le
1419 827 1579 882 agere
1637 811 1862 868 censes?
1928 816 2027 868 aut

233 926 450 982 possem
475 908 676 980 vivere,
717 906 826 963 nisi
865 906 925 962 in
964 906 1169 964 litteris
1195 905 1479 963 viverem‘l
1560 904 1672 964 Sed
1712 910 1797 963 est
1838 924 2027 964 earum

233 1007 401 1063 etiam
444 1023 554 1062 non
586 1004 830 1076 satietas,
860 1002 958 1060 sed
999 1002 1228 1077 quidam
1268 1001 1479 1060 modus.
1564 1001 1620 1058 A
1658 1002 1860 1075 quibus
1902 1020 2025 1059 cum

233 1104 473 1174 discessi,
505 1103 612 1160 etsi
637 1102 930 1159 minimum
958 1099 1098 1158 mihi
1126 1105 1213 1157 est
1254 1101 1313 1157 in
1346 1100 1708 1173 cena—quod
1750 1105 1815 1157 tu
1854 1118 2025 1157 unum

236 1198 455 1276 ζήτημα
494 1199 667 1257 Dioni
719 1196 1043 1271 philosopho
1095 1196 1621 1271 posuisti—tamen
1661 1196 1796 1270 quid
1842 1198 2028 1269 potius

231 1299 450 1367 faciam,
476 1297 628 1370 prius
667 1313 838 1369 quam
877 1312 966 1352 me
1005 1294 1311 1352 dormitum
1346 1293 1636 1365 conferam,
1666 1311 1777 1350 non
1805 1294 2027 1366 reperio.

237 1396 290 1453 2.
336 1394 486 1451 Audi
539 1392 764 1465 reliqua.
849 1391 1006 1449 Infra
1045 1391 1411 1463 Eutrapelum
1451 1389 1710 1464 Cytheris
1750 1390 2022 1448 accubuit.

235 1491 307 1548 In
335 1510 399 1549 eo
425 1491 612 1563 igitur,
643 1489 842 1561 inquis,
874 1488 1126 1546 convivio
1153 1486 1346 1546 Cicero
1371 1487 1480 1560 ille,

235 1667 394 1723 quem
421 1645 788 1720 aspectabant,
819 1643 978 1702 maius
998 1644 1063 1701 ob
1089 1663 1148 1702 os
1179 1643 1355 1702 Graii
1382 1663 1484 1702 ora
1512 1644 1854 1725 obvertebant
1879 1628 2030 1704 sua?
2070 1690 2077 1710 .

237 1803 294 1861 N
297 1821 383 1876 on,
414 1800 737 1874 mehercule,
769 1800 1079 1873 suspicatus
1107 1818 1233 1857 sum
1268 1800 1423 1858 illam
1450 1800 1671 1859 adfore:
1714 1800 1812 1859 sed
1841 1806 2028 1859 tamen

236 1918 306 1957 ne
337 1899 656 1973 Aristippus
696 1898 922 1970 quidem
963 1896 1058 1955 ille
1101 1896 1412 1955 Socraticus
1452 1898 1690 1970 erubuit,
1723 1916 1849 1955 cum
1884 1904 2029 1957 essct

237 1997 511 2055 obiectum
570 1996 772 2053 habere
1013 1994 1224 2053 Laida:
1300 1998 1315 2026 ‘
1332 1995 1565 2066 Habeo,'
1621 1996 1819 2069 inquit,
1884 1998 1899 2026 ‘
1918 2015 2027 2053 non

235 2095 442 2152 habeor
463 2090 521 2173 [a
541 2089 774 2172 Laide].’
857 2092 1066 2151 Graece
1085 2093 1190 2151 hoc
1215 2093 1449 2152 melius:
1493 2099 1573 2167 tu,
1599 2096 1647 2151 si
1666 2093 1834 2166 voles,
1860 2095 2028 2152 inter-

236 2192 536 2265 pretabere.
623 2190 720 2247 Me
759 2208 800 2247 v
829 2207 892 2247 ro
930 2188 1072 2247 nihil
1118 2191 1353 2247 istorum
1388 2208 1459 2248 ne
1502 2191 1754 2249 iuvenem
1802 2192 2027 2264 quidem

235 2290 413 2346 movit
440 2305 720 2359 umquam,
752 2304 820 2343 ne
852 2304 1000 2345 nunc
1039 2304 1243 2346 senem.
1331 2286 1603 2345 Convivio
1632 2287 1906 2347 delector:
1949 2288 2029 2346 ibi

234 2386 442 2459 loquor,
475 2385 622 2457 quod
668 2385 728 2440 in
775 2384 969 2457 solum,
1009 2389 1077 2441 ut
1113 2384 1331 2456 dicitur,
1380 2389 1438 2442 et
1475 2386 1747 2458 gemitum
1786 2387 1844 2442 in
1887 2387 2030 2444 risus

237 2483 506 2541 maximos
544 2481 846 2548 ,transferm
951 2481 1000 2538 3.
1064 2480 1157 2538 An
1205 2486 1272 2538 tu
1325 2481 1384 2537 id
1437 2482 1648 2556 melius,
1708 2484 1806 2555 qui
1860 2484 2029 2541 etiam

235 2578 622 2652 philosophum
643 2578 874 2634 irriseris
891 2576 913 2635 ‘l
948 2578 1046 2649 qui
1073 2595 1198 2635 cum
1228 2576 1339 2649 ille,
1360 2579 1409 2635 si
1426 2580 1550 2651 quis
1571 2579 1705 2652 quid
1723 2585 2024 2652 quaereret,

235 2676 482 2746 dixisset,
514 2692 703 2731 cenam
743 2679 802 2731 te
841 2691 1098 2746 quaerere
1125 2692 1160 2731 a
1185 2692 1346 2731 mane
1374 2675 1590 2734 dixeris.
1678 2676 1785 2733 Ille
1811 2676 1943 2734 baro
1971 2683 2030 2736 te

235 2773 472 2848 putabat
489 2772 884 2845 quaesitumm,
906 2788 1079 2828 unum
1096 2771 1308 2829 caelum
1330 2778 1474 2830 esset
1495 2790 1567 2829 an
1587 2773 2023 2833 innumerabilia.

236 2870 385 2941 Quid
406 2870 464 2927 id
485 2870 558 2926 ad
578 2870 674 2927 tc?
712 2870 793 2926 At
813 2868 1037 2926 hercule
1056 2869 1181 2940 quis
1208 2870 1365 2925 ‘cena
1384 2886 1519 2925 num
1542 2868 1675 2942 quid
1696 2869 1769 2925 ad
1790 2870 1900 2928 te‘l’
1921 2871 2027 2928 tibi

234 2967 594 3042 praesertim?
675 2966 728 3025 4.
776 2965 868 3023 Sic
887 2966 1060 3039 igitur
1079 2966 1324 3024 vivitur:
1368 2965 1568 3022 cotidie
1589 2964 1799 3038 aliquid
1825 2965 2030 3038 legitur

233 3070 336 3122 aut
361 3063 654 3121 scribitur:
699 3063 843 3134 dein,
875 3080 944 3120 ne
972 3063 1162 3119 amicis
1202 3062 1345 3119 nihil
1386 3062 1711 3136 tribuamus,
1742 3064 2029 3136 epulamur

234 3180 348 3221 una
374 3179 484 3218 non
510 3160 674 3217 modo
702 3178 811 3218 non
840 3165 1031 3218 contra
1057 3161 1252 3233 legem,
1285 3162 1333 3217 si
1365 3159 1482 3218 ulla
1509 3179 1654 3219 nunc
1680 3161 1771 3218 lex
1798 3167 1900 3233 est,
1931 3163 2028 3220 sed

235 3260 406 3321 etiam
433 3258 584 3315 intra
608 3257 785 3330 legem
813 3262 869 3315 et
906 3258 1128 3331 quidem
1157 3257 1454 3330 aliquanta
1544 3257 1666 3328 Qua
1691 3277 1749 3315 re
1777 3259 1915 3315 nihil
1943 3264 2028 3317 est
